2834 4896
1297 176 1311 205 d

187 378 217 442 2.
253 377 508 458 Siqaittcottones
529 376 626 438 unius
648 374 848 456 ejusdemque
878 377 969 438 cocis
1002 382 1058 438 out
1083 374 1260 455 formulae,
1292 376 1323 438 sl

83 486 148 529 non
170 484 302 546 semper,
325 465 456 543 saepius
480 471 581 524 tamen
600 463 711 541 plures
729 471 804 524 sunt
816 483 830 535 ;
859 480 975 524 sensus
992 480 1067 524 oero
1087 463 1322 543 propositionis

84 562 141 616 out
159 552 317 614 orationis
339 549 380 610 ob
403 549 526 609 bomine
550 550 691 626 loquente
715 551 1006 628 intentus,.semper
1027 549 1140 609 unicus
1163 555 1218 608 est.
1265 548 1325 609 Et-

84 642 167 701 enim
189 637 272 699 nibil
301 636 423 710 obstat,
446 636 612 714 quominus
643 636 776 713 quaevis
806 653 883 713 qens
913 637 1009 696 certis
1040 632 1217 696 rationibus
1241 643 1327 696 mota

83 725 193 787 eadem
226 724 349 801 linquae
380 738 457 781 suae
491 719 648 781 vocabula
678 721 713 781 in
741 738 775 780 se
809 721 1013 782 considerato
1042 738 1099 781 ceu
1128 720 1328 781 diuersarum

82 813 247 872 notionum
269 810 362 886 siqua
384 805 554 878 odbibeat,·
585 813 637 865 ast
669 804 800 884 quilibet
828 807 986 868 bominum
1017 808 1060 867 iis
1086 804 1239 867 limitibus
1263 804 1327 866 od-

85 897 217 958 strictus
241 903 296 970 est,
316 902 351 953 ut
373 910 436 953 uno
454 892 621 968 eodemque
642 900 796 953 momento
819 910 883 953 non
899 894 995 972 plura
1015 893 1119 968 simul,
1148 891 1207 953 sed
1231 910 1328 952 unum

84 991 203 1044 tantum
224 982 363 1058 copitare
389 987 445 1039 aut
466 979 593 1051 sentire,
614 986 645 1038 et
661 979 797 1056 proinde
822 983 887 1040 und
913 980 1080 1058 eademque
1105 977 1327 1058 propositione

83 1070 179 1131 etiam
201 1065 331 1140 nonnisi
352 1081 449 1126 unum
468 1063 638 1140 capitatum
660 1072 716 1125 out
737 1065 837 1124 animi
858 1073 973 1125 motum
998 1065 1102 1144 eloqui
1118 1065 1231 1143 possit.
1278 1061 1328 1125 Sic

85 1173 113 1216 v.
136 1172 166 1234 g.
199 1151 268 1213 voci
298 1151 389 1227 „via“
424 1149 455 1210 in
481 1166 516 1209 se
540 1153 697 1229 spectatae
726 1148 829 1229 plures
853 1150 1038 1210 conveniunt
1069 1147 1328 1232 significationem

85 1238 210 1301 denotat
239 1237 377 1298 nimirum
407 1234 563 1310 semitam,
593 1251 652 1314 qua
680 1235 791 1295 itantes
826 1235 989 1311 incedunt3
1020 1251 1131 1316 porro,
1164 1234 1234 1315 quia
1265 1234 1328 1295 vita

85 1325 163 1387 haec
186 1322 292 1386 similis
312 1327 360 1382 εει
385 1320 505 1396 itineri,
538 1319 689 1401 significat
709 1319 832 1381 vivendi
856 1322 961 1382 ration
976 1340 1019 1396 m3
1051 1321 1120 1382 dein
1153 1319 1272 1401 legem,
1296 1316 1329 1381 in

86 1411 192 1492 specie
215 1406 371 1483 moralem,
395 1424 474 1487 quae
485 1405 607 1468 vivendi
629 1407 779 1468 rationem
798 1407 995 1488 praescribit3
1024 1406 1146 1468 tund-m
1170 1424 1248 1482 eum,
1272 1419 1330 1486 per

87 1515 177 1577 quern
204 1493 285 1556 etin
305 1510 367 1574 quo
390 1493 457 1573 quis
480 1491 518 1552 ad
543 1497 653 1552 metam
682 1492 885 1554 desideratam
909 1495 1056 1574 pervenit.
1100 1492 1178 1554 Dum
1192 1492 1254 1572 jam
1277 1490 1328 1552 Μι.

85 1583 117 1659 2,
142 1581 195 1644 tt.
218 1579 257 1641 de
280 1579 387 1660 Magis,
412 1578 463 1659 qui
488 1577 718 1638 Bethlehemum
741 1586 900 1656 venerant,
923 1578 1070 1661 legimns:
1095 1577 1184 1656 „Alia
1207 1578 1255 1638 via
1274 1594 1330 1638 rc-

86 1667 169 1729 versi
191 1671 262 1727 sunt
283 1665 315 1726 in
336 1664 495 1745 regionem
511 1666 640 1738 suam“;
663 1664 769 1727 Jacob.
794 1664 822 1741 1,
848 1664 897 1726 18.
927 1665 1001 1742 „Vir
1021 1663 1133 1747 duplex
1157 1664 1255 1726 animo
1279 1664 1331 1723 in-

85 1759 232 1816 constans
257 1757 305 1812 est
327 1751 357 1811 in
378 1751 517 1812 omnibus
538 1751 595 1811 viis
619 1751 705 1811 suis“
712 1771 722 1826 3
755 1750 824 1812 Act.
845 1750 903 1829 18,
927 1752 978 1814 25.
1003 1750 1083 1829 „Hic
1109 1756 1174 1812 erat
1200 1748 1330 1810 edoctus

86 1840 165 1900 dam
185 1835 343 1911 Domini“;
367 1837 414 1898 Jo.
432 1836 482 1914 14,
506 1836 535 1897 6.
560 1834 647 1917 „Ego
672 1853 738 1897 sum
760 1836 809 1898 via
830 1843 860 1898 et
881 1837 995 1899 veritas
1021 1843 1051 1899 et
1068 1836 1169 1898 vita“:
1202 1832 1332 1916 singulis

88 1924 174 1986 bisce
194 1922 465 2004 propositionibus,
490 1922 608 1984 etiamsi
634 1922 812 1984 sexcenties
837 1930 1045 2000 occurrerent,
1058 1922 1179 1984 nonnisi
1190 1938 1270 1982 unus
1282 1920 1334 1981 in-

88 2016 136 2073 est
166 2025 299 2080 sensus;
329 2007 480 2070 vocabulo
507 2009 555 2068 via
588 2013 689 2067 autern
719 2008 750 2068 in
780 2009 888 2089 quovis
913 2008 1050 2072 locorum
1081 2006 1239 2070 citatorum
1274 2020 1333 2066 una

93 2094 236 2176 quidem,
270 2099 403 2156 attamen
433 2093 490 2155 alia
517 2091 699 2174 significatio
723 2111 740 2155 a
770 2093 916 2175 loquente
934 2101 1071 2177 spectata
1094 2099 1157 2172 est,
1187 2098 1218 2154 ct
1240 2109 1336 2174 spec-

85 2181 144 2244 tari
166 2179 279 2243 debuit.

189 2266 219 2328 3.
263 2264 519 2343 Siqnifioationes
550 2265 734 2345 plerumque
762 2282 863 2344 capae
895 2275 971 2328 sunt
1000 2272 1030 2328 et
1059 2265 1333 2341 indeterminatae,

87 2351 238 2434 quoniam
260 2352 406 2412 notiones
426 2353 552 2413 eaedem
571 2351 683 2412 iisdem
712 2352 879 2413 vocabulis
901 2370 1073 2431 oppressae
1094 2353 1128 2412 in
1154 2349 1335 2412 bominibus

32 2517 36 2525 Ι
89 2440 235 2501 diuersae
259 2437 451 2499 conditionis
472 2439 657 2516 dioerqunt;
680 2455 794 2500 sensus
813 2456 890 2498 ocra
919 2441 981 2500 looi
1001 2439 1166 2516 cujusdam
1188 2443 1237 2498 est
1260 2454 1335 2497 aer-

90 2533 143 2588 tus
171 2543 211 2585 aa
233 2524 456 2585 determinatus
466 2546 480 2596 ;
515 2526 645 2602 loquens
668 2525 750 2584 enim
782 2523 868 2598 (coll.
895 2524 942 2598 2.)
974 2543 1070 2586 anum
1094 2533 1212 2585 tantum
1236 2524 1330 2601 copi-

90 2620 188 2673 tatnm
215 2617 271 2670 aut
290 2610 389 2669 animi
417 2618 532 2669 motum
552 2611 771 2688 propositione
796 2611 932 2688 quadam
962 2611 1126 2670 enuntiare
1155 2615 1278 2689 potest,
1304 2615 1337 2668 et

89 2695 214 2777 quidem
232 2713 312 2771 eum,
331 2696 386 2773 qui
404 2696 560 2773 peculiari
578 2694 647 2772 ejus
669 2696 845 2757 conditioni
858 2704 921 2757 tam
940 2703 1088 2757 enternae
1107 2703 1170 2757 tam
1190 2696 1334 2754 internae

89 2781 281 2844 conueniens
299 2788 367 2852 est;
381 2781 451 2858 jam
473 2798 549 2842 oero
573 2783 732 2859 capitatus
757 2782 808 2843 bic
830 2791 887 2843 aut
904 2783 1004 2843 animi
1025 2790 1128 2843 motus
1150 2800 1206 2842 sen
1229 2778 1336 2840 dioto-

88 2886 160 2929 rum
182 2884 298 2927 sensus
324 2883 395 2926 esse
423 2869 531 2946 nequit
559 2884 660 2945 voqus
683 2874 714 2928 et
748 2868 1019 2945 indeterminatus,
1044 2868 1102 2929 sed
1134 2874 1183 2929 est
1203 2874 1311 2928 certus
1322 2885 1336 2937 ;

88 2971 164 3015 nam
185 2952 269 3031 quod
297 2953 424 3013 unicum
454 2961 572 3014 tantam
598 2961 629 3014 et
653 2954 748 3014 unico
775 2953 867 3014 modo
897 2955 1022 3026 enistit,
1050 2972 1114 3015 non
1141 2960 1247 3033 potest
1269 2968 1335 3012 uon

90 3058 162 3101 esse
188 3039 346 3116 definitum
380 3056 419 3100 ac
440 3048 567 3099 certum.
613 3037 663 3100 Sic
692 3056 719 3097 v.
749 3056 779 3120 g.
808 3037 1039 3100 indeterminata
1071 3045 1119 3100 est
1148 3034 1335 3118 significatio

90 3125 178 3186 vocis
200 3122 294 3200 Deus,
318 3123 396 3184 siin
423 3141 458 3185 se
479 3122 708 3198 consideretur3
739 3123 812 3185 licet
839 3125 919 3186 enim
941 3124 1021 3186 istud
1044 3123 1226 3186 vocabulum
1250 3123 1335 3184 etin

93 3209 222 3272 diversis
245 3208 356 3290 linguis
388 3209 634 3293 correspondens
656 3209 827 3272 hominibus
851 3210 992 3272 diversae
1013 3211 1172 3292 religionis
1201 3213 1232 3270 et
1266 3206 1337 3269 cul-

90 3302 189 3372 turae,
213 3301 246 3356 ut
268 3294 400 3372 ethnico,
423 3295 653 3373 Muharnedano,
676 3295 794 3358 Judaeo
818 3300 849 3357 ct
872 3295 1050 3374 Christiano,
1075 3296 1165 3377 eique
1193 3293 1274 3356 culto
1306 3300 1339 3356 et

92 3379 217 3456 rudiori,
241 3398 296 3442 ens
319 3398 492 3462 supremum
511 3382 652 3444 denotet:
675 3380 753 3442 haec
775 3388 876 3443 tamen
898 3383 963 3464 ipsa
980 3383 1065 3445 notio
1088 3383 1118 3444 in
1142 3381 1250 3463 quovis
1272 3398 1333 3442 eo-

93 3484 159 3528 rum
182 3465 310 3527 diversa
342 3473 397 3528 est.
450 3467 637 3549 significatio
666 3467 753 3528 vocis
784 3468 924 3548 „patria“
959 3475 990 3531 ει
1023 3468 1189 3530 formulae:
1223 3466 1335 3548 „regio

94 3551 278 3614 orientalis“
301 3552 331 3612 in
355 3569 390 3613 se
409 3560 544 3633 spectata
568 3558 616 3616 εει
637 3570 726 3635 vaga,
749 3553 819 3634 quia
842 3555 927 3616 notio
951 3573 1097 3636 expressa
1121 3571 1176 3636 pro
1200 3553 1336 3614 diversi-

95 3643 158 3699 tate
189 3637 342 3698 hominum
377 3636 564 3717 loquentium
602 3638 689 3700 aliam
719 3639 878 3720 regionem
915 3647 966 3702 aut
995 3641 1181 3721 provinciam
1213 3638 1336 3700 indicat.

97 3722 213 3796 Quodsi
236 3729 337 3784 autem
359 3722 597 3786 Muhamedanns
617 3743 676 3804 qua
700 3723 767 3786 talis
792 3724 831 3786 de
854 3723 921 3787 Deo
942 3724 1091 3806 loquitur,
1126 3726 1224 3806 ipsum
1247 3726 1337 3804 ejus-

96 3808 179 3871 modi
200 3808 356 3872 notionem
380 3809 553 3890 exprimere
564 3810 654 3887 velle,
678 3827 758 3891 quae
782 3810 920 3872 culturae
939 3812 1227 3874 blahamedanorum
1258 3809 1337 3871 reli-

94 3895 204 3977 giosae
227 3893 423 3975 respondeat,
447 3896 577 3976 quisque
597 3897 731 3976 prudens
754 3897 840 3958 sciet.
885 3896 968 3958 Idem
990 3897 1123 3959 valetde
1142 3896 1272 3972 Judaco,
1297 3896 1336 3957 de

97 3978 268 4042 Christiano
291 3986 368 4056 etc,
396 3997 497 4061 eoque
521 3980 602 4044 culto
632 3989 684 4045 aut
705 3982 839 4045 rudiore.
884 3983 1029 4046 Similiter
1052 3983 1122 4046 dum
1145 3981 1336 4043 Palaestinae

96 4065 196 4128 incola
219 4066 259 4127 de
280 4067 376 4147 patria
400 4084 455 4128 sua
478 4066 627 4149 loquitur,
662 4075 713 4129 aut
734 4067 883 4131 formula:
917 4070 1006 4152 regio
1036 4067 1191 4131 orientalis
1221 4068 1334 4129 utitur:

96 4151 181 4213 notio
209 4150 354 4233 specifica
385 4152 519 4214 audienti
549 4154 599 4215 vel
621 4152 735 4235 legenti
758 4173 836 4238 vage
860 4162 912 4217 aut
932 4156 1164 4217 indeterminata
1187 4171 1249 4214 non
1272 4159 1336 4228 est;

96 4255 166 4299 nam
188 4254 250 4298 non
274 4237 420 4318 cogitabit
449 4257 478 4299 v.
501 4259 531 4321 g.
562 4239 601 4300 de
622 4241 788 4322 provincie,
822 4242 853 4302 in
883 4259 942 4322 qua
973 4259 1030 4303 nos
1060 4241 1122 4302 nati
1151 4246 1183 4301 ct
1216 4239 1337 4301 educati

97 4339 201 4385 sumus
225 4329 256 4384 et
277 4323 415 4401 vivimus,
438 4342 539 4406 neque
563 4325 601 4386 de
625 4326 762 4389 omnibus
784 4327 842 4389 illis
866 4333 968 4388 terrac
990 4327 1143 4408 partibus,
1168 4344 1247 4406 qnae
1270 4325 1336 4386 Bo—

96 4406 194 4471 bemis
218 4408 256 4472 ad
279 4410 427 4472 orientem
450 4412 527 4474 sitae
549 4418 639 4488 sunt3
662 4412 718 4474 sed
734 4419 848 4475 tantum
871 4411 911 4474 dc
931 4413 982 4474 illu
1000 4413 1157 4496 provincia
1181 4411 1275 4474 etde
1298 4429 1336 4473 ea
