2834 4896
64 157 128 281 lh

58 327 283 414 psychotopiae
306 326 481 409 bannitione
488 345 501 399 ;
524 340 616 388 secus
640 324 720 387 cnim
742 340 804 387 non
827 329 947 389 tantum
970 321 1216 388 aedificationem
1236 341 1301 385 me-

63 406 159 478 ralcm
191 414 308 494 absque
341 411 441 475 solido
475 409 673 475 fundamento
706 426 897 491 promovere
931 411 1100 489 niteretur,
1130 409 1188 473 sed
1220 410 1304 471 etiam

63 511 189 577 encres
212 498 411 582 gravissimos
435 498 647 560 committeret.

77 586 115 628 ²³·
146 586 183 648 Υ2.
206 586 371 649 Subtiliori
404 582 636 646 observationis
669 583 761 659 dono,
780 583 960 663 phantasia
981 583 1087 645 nicaei
1109 585 1308 645 cinnamonio

63 675 159 754 fideti,
182 680 339 751 roh-'qaae
372 671 506 750 sinpadis
530 670 610 730 locis
632 672 740 730 insunt
762 681 921 733 marnenta
939 675 1210 750 practicocerta,
1229 688 1307 748 pro-

65 764 185 841 pinqna
210 767 240 818 et
261 758 411 836 efficacia,
435 758 493 817 rite
516 764 688 835 copnoscat
708 763 739 815 et
760 755 921 820 adhibeat.

155 845 185 906 3.
207 843 428 906 Sincerissimo
441 838 560 904 Christi
577 840 776 922 etthominam
804 861 921 920 amore,
939 843 1094 922 intiepido
1116 840 1263 903 veritatis
1284 847 1312 900 et

65 933 192 993 etrtntis
225 931 347 1006 stadio,
370 948 408 989 nc
431 930 507 1009 qnid
538 927 633 1003 celet,
656 927 739 1007 qnod
760 930 810 991 ttd
831 948 961 991 cansam
983 927 1100 991 Christi
1123 935 1154 989 et
1174 926 1312 1007 proximi

66 1013 201 1079 salntem
219 1015 464 1096 promovendam
486 1022 616 1092 spectet,
651 1012 725 1074 ticet
745 1016 898 1077 acerbam
920 1017 963 1077 sit
984 1034 1022 1077 ac
1045 1015 1159 1076 darum
1171 1033 1185 1086 ;
1210 1012 1312 1090 ,vivus

64 1108 114 1166 est
136 1103 216 1165 enim
239 1119 340 1183 sermo
363 1100 420 1162 Dci
444 1106 474 1162 et
497 1096 609 1162 efficax
631 1104 662 1159 et
684 1102 907 1179 penetrabilior
939 1101 1019 1163 omni
1050 1098 1157 1181 gladio
1181 1090 1311 1177 ancipiti,

65 1193 98 1251 et
118 1186 298 1270 pertingens
332 1204 432 1266 usque
466 1186 504 1248 ad
527 1185 707 1247 divisionem
732 1188 855 1250 ammae
888 1205 924 1248 ec
961 1187 1095 1268 spiritus,
1133 1201 1312 1265 compagum

63 1291 189 1356 quoque
222 1292 260 1336 ac
292 1273 510 1350 medullarum,
543 1278 575 1334 et
605 1270 767 1335 discretor
800 1274 1019 1358 cogitationum
1050 1278 1081 1334 et
1110 1270 1312 1333 intentionum

63 1360 198 1424 cordis.“
222 1359 313 1423 Heln.
336 1357 368 1434 4,
398 1358 442 1419 12.

150 1446 181 1507 d.
204 1445 379 1509 Prudentia
398 1442 558 1523 pastorali
579 1451 609 1504 et
630 1447 831 1523 caprerientr'd
851 1448 986 1518 mantra,
1005 1452 1049 1520 at,
1065 1461 1146 1525 qaue
1167 1443 1313 1521 temporis

66 1532 270 1594 attentorum
303 1530 494 1612 indipentiae
514 1530 686 1610 postulent,
721 1533 885 1613 intettipat,
909 1541 939 1594 et
961 1540 1135 1613 opportune
1170 1527 1315 1591 adhibere

66 1619 159 1680 sciat.
1012 1622 1015 1627 '

538 1808 551 1845 l
629 1805 667 1878 ᾗ.
685 1803 759 1866 111.

432 1954 549 2025 Regulus
573 1942 708 2023 speciales
727 1948 907 2010 observandae
919 1957 958 2021 ⁴⁹).

51 2178 56 2189 ,
78 2110 102 2189 J„
156 2113 317 2199 lntcrprcs
336 2115 694 2197 popularis-practices

89 2228 93 2235 ·
157 2202 186 2262 1.
210 2198 297 2276 Quae
321 2204 354 2263 in
376 2203 510 2277 actione,
529 2213 646 2291 scente
669 2211 802 2266 narrato
825 2213 880 2266 ant
901 2205 935 2264 in
957 2202 1100 2267 motione
1123 2201 1169 2264 ad
1189 2203 1318 2264 instita-

71 2286 185 2377 tienem
221 2288 369 2350 lectorem
401 2289 452 2350 eet
483 2288 670 2352 anditoram
700 2300 730 2353 et
751 2291 794 2352 ad
814 2292 1019 2352 imitationem
1046 2291 1223 2369 praecipue
1248 2297 1319 2368 opta

71 2382 163 2459 sunt,
195 2373 322 2453 indepet
344 2383 375 2436 et
392 2383 574 2452 proponam·
610 2394 638 2438 v.
662 2396 692 2458 g.
727 2375 857 2454 Mr.12,
887 2374 1026 2436 41-44.
1070 2374 1171 2436 Vidua
1202 2389 1317 2456 pauper

73 2458 214 2530 omnibus
248 2458 316 2541 plu's
350 2459 432 2521 misit
469 2461 500 2520 in
536 2461 812 2543 gazophylacium,
851 2461 925 2523 licet
965 2460 1088 2523 nonnisi
1122 2460 1320 2541 quadrantem

75 2542 212 2623 offerret,
237 2546 307 2625 quia
331 2546 428 2606 omnia
455 2545 576 2623 obtulit,
590 2566 669 2628 quae
691 2548 850 2625 habuit,et
866 2565 945 2627 quae
967 2548 995 2609 ei
1019 2547 1056 2607 ad
1079 2546 1173 2608 vitem
1196 2553 1322 2608 susten·

76 2632 198 2694 tendam
220 2631 399 2695 necessaria
421 2637 523 2707 erant,
538 2633 633 2714 idque
655 2633 686 2698 in
708 2633 900 2715 providentia
923 2632 1023 2694 divina
1046 2631 1224 2695 firmissime
1247 2650 1323 2693 cen-

76 2717 151 2798 fisa,
181 2735 250 2779 cum
283 2717 432 2779 animoa
460 2715 616 2781 horrorum
649 2726 841 2782 terrenorum
877 2738 981 2781 amore
1012 2718 1109 2780 libero
1141 2724 1175 2780 et
1205 2717 1322 2792 dolens,

20 2884 23 2892 Ι
80 2803 164 2887 quod
193 2821 256 2881 non
288 2803 374 2884 plura
407 2801 572 2867 offerendo
603 2823 658 2885 par
692 2813 804 2889 essct.¹
832 2806 870 2868 Et
891 2805 994 2882 iesus,
1018 2805 1069 2886 qui
1093 2811 1203 2873 conns
1227 2821 1324 2886 gaze·

77 2889 249 2973 phylacium
282 2889 411 2952 sedebat
440 2894 472 2951 et
507 2891 690 2971 aspiciebat,
733 2891 887 2973 quomodo
921 2891 1009 2954 turba
1037 2892 1173 2971 jactaret
1209 2907 1268 2953 aes
1299 2891 1325 2951 in

80 2978 256 3039 thesaurum
291 2975 408 3058 templi,
437 2975 523 3040 inter
559 2977 650 3041 millia
688 2978 881 3041 offerentium
915 2976 1126 3039 animadvertit
1160 2992 1323 3059 pauperem

81 3062 202 3124 viduam
226 3062 263 3123 ab
290 3062 430 3123 omnibus
453 3064 640 3146 rieglectam,
662 3065 792 3146 pretium
818 3064 890 3126 deni
913 3065 981 3143 ejus
1004 3063 1112 3144 exigui
1132 3064 1279 3124 aestimet
1298 3065 1325 3122 et

81 3149 180 3233 hocce
197 3148 347 3218 ‚omnibus
370 3147 500 3211 divitum
522 3150 699 3214 muneribus
722 3149 865 3233 praefert.
888 3149 974 3211 Doni
989 3150 1093 3230 itaque
1109 3154 1141 3210 et
1157 3151 1190 3210 in
1213 3165 1326 3231 genere

85 3233 318 3325 benefactorum
349 3240 528 3298 nostrerum
557 3238 686 3319 pretium
708 3255 771 3300 non
794 3255 813 3299 a
835 3238 1002 3317 quantitate
1025 3234 1191 3317 dependet,
1215 3236 1274 3297 sed
1296 3232 1328 3295 ab

85 3321 197 3399 ammo,
221 3339 261 3384 ex
284 3338 344 3401 quo
367 3322 532 3401 prodeunt.
576 3325 681 3401 lesus,
705 3320 827 3404 qui'his
849 3324 881 3385 in
903 3323 992 3384 terris
1014 3322 1179 3384 visibiliter
1200 3334 1327 3384 versans

85 3408 324 3471 occultissimum
367 3407 484 3477 borium
522 3408 753 3482 animadvertit,¹
785 3416 817 3472 et
848 3408 1060 3472 munusculum
1092 3407 1206 3483 vidtme
1242 3406 1328 3470 tentis

86 3493 226 3558 laudibus
257 3492 445 3572 celebravit,
469 3510 540 3558 num
570 3495 607 3556 ad
638 3495 776 3557 dextram
805 3496 901 3558 Patris
931 3513 1012 3557 nnnc
1035 3493 1149 3557 sedens
1175 3493 1328 3556 charitatis

87 3598 183 3662 opera
204 3579 380 3659 vilipendet,
405 3588 446 3658 et,
469 3581 592 3661 quenda
611 3581 710 3663 judex
731 3601 768 3644 ac
790 3580 1004 3644 remunerator
1025 3580 1195 3658 advenerit,
1219 3579 1329 3642 factum

88 3665 162 3732 illud
185 3671 217 3727 et
239 3666 437 3746 quidcunque
465 3667 556 3730 laude
587 3669 712 3751 dignum
740 3675 805 3747 est,
840 3667 984 3730 mercede
1007 3666 1192 3729 frustrabit?
1216 3702 1261 3712 -
1283 3663 1329 3727 llt.

87 3753 139 3829 22,
163 3750 231 3814 21.;
257 3749 409 3830 „Reddite
432 3772 526 3836 ergo,
551 3762 725 3835 quaesunt
755 3755 908 3832 caesaris,
941 3755 1078 3831 caesari,
1103 3759 1134 3814 et
1157 3770 1242 3833 quae
1265 3753 1330 3813 sunt

88 3838 156 3914 Dei,
171 3837 268 3899 De0.“
316 3836 454 3900 Christus
478 3841 588 3922 cuique
609 3858 700 3903 suum
723 3841 812 3903 tribui
831 3841 936 3921 jubet3
952 3839 1151 3922 Evangelium
1176 3837 1332 3919 praedicat

90 3925 323 4005 subjectionem,
347 3924 563 4004 obedientiam,
574 3927 722 4007 justitiam
746 3932 777 3988 et
800 3927 947 4005 ordinem,
971 3945 1050 4006 quae
1073 3933 1143 3987 sunt
1166 3937 1332 4008 regnorum

1 4028 25 4071 :a
91 4010 206 4086 fulcre3
240 4027 302 4071 non
336 4027 415 4090 ergo
439 4017 504 4088 est,
537 4013 619 4091 quod
650 4013 802 4094 principes
832 4013 921 4094 hujus
944 4019 1047 4073 terrac
1069 4030 1202 4093 regnum
1227 4005 1333 4071 Christi

92 4096 226 4158 timeant.
269 4095 357 4159 Licet
378 4113 508 4179 regnum
531 4097 641 4161 Christi
663 4110 725 4161 non
748 4099 787 4162 sit
809 4098 848 4161 dc
870 4099 930 4160 boc
952 4097 1075 4175 mundo,
1112 4104 1215 4159 tamen
1240 4095 1333 4157 cuivis

135 4332 164 4398 ⁴)
182 4331 260 4383 Hisce
287 4317 384 4402 regulis
411 4350 463 4391 non
490 4335 616 4388 theoriam
643 4336 720 4404 plene
746 4335 895 4389 exhaustam
922 4334 1058 4403 praebere,
1087 4333 1134 4385 ssd
1153 4333 1241 4399 potins
1259 4336 1334 4380 nume

62 4446 71 4461 ,
184 4401 309 4473 quosdam
334 4406 409 4456 tironi
436 4403 557 4458 exhibere
581 4406 664 4465 veluit
689 4414 780 4457 auctor
797 4406 865 4458 duce
883 4405 1017 4474 praeclare
1037 4418 1137 4471 opere:
1152 4401 1335 4475 Verlcsupgell

108 4480 111 4485 ·
184 4468 296 4560 (ξηειᾱοτ
314 4471 562 4569 Pastcralthcolopie
577 4473 806 4567 ¹hesrausqegebcn
824 4490 877 4528 von
895 4472 918 4527 J·
936 4472 967 4527 u.
986 4472 1069 4525 Sedet
1086 4470 1111 4531 l.¹
1126 4469 1174 4553 lid.
1311 4470 1320 4485 ⁹
