2834 4896
1291 182 1334 245 63

93 368 159 413 rum
183 353 273 431 periti
302 360 336 416 et
364 355 397 418 in
425 372 467 419 ss
496 354 593 418 literis
625 352 823 418 mediocriter
843 349 957 415 versati
978 351 1010 413 in
1031 369 1069 414 ea
1091 351 1333 434 deprehendunt,

93 472 135 483 —
158 473 203 484 -
224 474 267 485 -
289 446 382 520 atque
405 448 533 504 eatenus
555 440 652 503 voluit
672 440 876 503 authenticam
898 436 1015 515 baberi,
1038 444 1072 499 ut
1092 446 1208 501 certum
1231 442 1334 503 omni·

92 525 149 586 bus
173 531 270 601 esset,
293 527 376 588 nullo
400 545 467 589 eam
500 526 695 590 defoedatam
725 544 798 589 esse
832 539 949 600 encre,
974 541 1014 586 ex
1036 541 1097 604 quo
1126 526 1332 606 perniciosum

88 611 217 691 aliquod
241 612 352 692 dogma
374 613 406 674 in
428 612 488 676 lide
511 620 543 676 et
563 613 698 675 moribus
720 619 828 695 posset
849 608 964 691 colligi,
997 615 1090 690 atque
1111 611 1183 674 ideo
1206 612 1332 693 adjecit,

89 714 129 757 ne
158 696 230 777 quis
260 696 341 760 illam
372 701 482 778 quovis
515 705 679 781 praetextu
711 698 846 779 rejicere
876 694 1014 759 auderet.
1040 731 1079 743 -
1103 730 1145 743 -
1167 698 1269 761 -Et
1290 716 1331 762 ne

88 782 215 845 dubites
237 782 358 860 dehis,
381 785 545 849 verissime
575 803 700 867 possum
734 784 788 846 tibi
810 782 945 864 allegare
968 799 1023 864 pro
1046 781 1094 844 bis
1117 782 1332 865 amplissimum

88 875 119 930 et
143 869 449 934 observantissimum
480 889 505 933 s.
540 870 646 934 Crucis
681 869 881 946 cardinalem,
917 866 956 930 de
980 868 1093 949 pietate
1117 875 1148 930 et
1171 869 1211 933 de
1233 869 1330 933 literis

86 961 121 1016 et
143 954 256 1017 madiis
279 957 419 1020 omnibus
443 957 557 1040 optime
578 957 727 1033 meritum,
752 956 804 1036 qui
825 954 867 1016 illi
890 954 1023 1017 sessioni
1045 960 1077 1016 et
1099 954 1167 1017 aliis
1191 956 1331 1018 omnibus

87 1039 235 1122 praefuit,
258 1060 296 1102 ac
318 1042 415 1123 pridie
437 1043 570 1123 quidem,
593 1060 683 1124 mam
705 1042 778 1104 illud
812 1042 969 1103 decretum
991 1039 1135 1117 firmaret,
1158 1047 1190 1102 et
1212 1048 1331 1123 postea,

87 1145 151 1189 non
187 1128 307 1207 opiner,
339 1128 436 1191 semel
468 1130 539 1192 mihi
569 1135 698 1192 testatus
730 1134 788 1206 est,
817 1127 891 1189 nihil
914 1125 1041 1207 amplius
1063 1125 1201 1189 voluisse
1223 1127 1331 1192 Patres

88 1211 242 1275 firmare!

174 1302 213 1375 c)
235 1297 448 1362 Bellus-minus
471 1298 575 1376 ait*):
610 1299 738 1364 Stultum
762 1305 810 1363 est
839 1298 957 1380 dicere,
984 1296 1226 1360 'theodotionem
1249 1297 1329 1361 hae-

87 1384 220 1446 reticum
243 1389 301 1461 (ex
323 1402 385 1467 quo
407 1388 558 1466 quaedam
580 1389 612 1449 in
634 1385 793 1468 vulgatam
826 1384 972 1446 translata
994 1389 1081 1456 sunt)
1103 1401 1167 1446 non
1188 1385 1329 1463 potuisse

92 1486 206 1547 errare,
229 1470 280 1532 vel
303 1488 326 1534 s.
349 1471 567 1555 Hieronymum
588 1491 742 1554 nunquam
773 1489 905 1547 errasse,
941 1489 1032 1551 quum
1065 1469 1133 1550 ipse
1155 1469 1187 1531 in
1208 1469 1274 1532 les.
1299 1488 1327 1534 c.

94 1554 141 1618 19.
161 1556 256 1635 dicat,
280 1573 315 1617 se
338 1575 472 1638 errasse,
504 1566 537 1621 et
558 1560 692 1621 ecclesia
714 1559 783 1640 ejus
806 1556 1033 1620 correctionem
1054 1555 1217 1637 receperit.
1261 1555 1330 1618 Non

88 1640 156 1704 illos
179 1650 326 1705 auctores
350 1645 542 1707 canonizavit
573 1644 717 1723 ecclesia,
748 1645 806 1707 sed
836 1649 949 1704 tantum
972 1642 1050 1704 hanc
1072 1642 1247 1703 versionem
1271 1659 1330 1723 ap-

87 1729 229 1809 probavit
238 1749 252 1802 ;
274 1736 378 1793 certos
400 1748 459 1794 nos
481 1730 615 1794 reddere
636 1730 742 1809 voluit,
764 1730 796 1792 in
818 1729 866 1807 iis,
890 1746 970 1809 quae
993 1728 1031 1790 ad
1053 1726 1144 1789 tidem
1167 1734 1199 1790 et
1227 1745 1330 1791 moros

85 1815 253 1894 pertinent,
275 1814 357 1877 nulla
380 1834 453 1880 esse
474 1817 506 1878 in
527 1816 586 1879 hac
615 1818 759 1879 versione
789 1815 988 1896 interpretum
1012 1817 1142 1874 emata.“
1166 1848 1208 1859 -
1231 1813 1330 1876 Deni-

84 1918 149 1981 que
172 1902 354 1964 assertionis
376 1910 502 1965 nostrae
524 1903 685 1965 veritatem
708 1901 949 1964 luculentissime
972 1904 1186 1961 contestantur

174 1989 215 2063 d)
238 1989 343 2066 ipsius
373 1990 504 2051 concilii
535 1989 642 2067 cerba,
675 1991 801 2051 decreta
822 2006 922 2068 snpra
952 1988 1050 2048 citata
1071 1986 1194 2061 addita,
1216 1984 1330 2064 quibus

85 2075 209 2149 statuit,
230 2083 267 2135 ut
288 2075 379 2154 „ipsa
400 2077 478 2137 hacc
500 2085 590 2138 aetus
619 2083 650 2139 et
682 2076 812 2156 culpata
834 2075 929 2137 adino
951 2073 1082 2154 posthac
1105 2089 1199 2151 quam
1221 2089 1329 2133 emes-

84 2160 256 2222 datissime
278 2161 509 2239 imprimatur.“

176 2245 207 2306 2.
239 2244 415 2308 Concilium
446 2251 624 2309 sermonem
660 2247 821 2326 Vutpatam
853 2264 951 2308 seusu
982 2244 1091 2306 latiari
1112 2243 1327 2305 authenticam

85 2331 263 2393 declaravit
284 2351 347 2393 nan
369 2334 466 2395 relate
480 2333 860 2412 adtestnmoripinalem,
884 2333 942 2393 sed
962 2333 1084 2392 ratione
1107 2328 1215 2390 habita
1237 2329 1325 2390 alia-

84 2436 155 2479 rum
178 2418 359 2479 versionum
390 2420 561 2482 latinarum
569 2441 582 2494 ;
615 2438 685 2481 nam
715 2425 876 2497 utrumque
905 2423 988 2498 patet
1019 2434 1059 2477 ex
1088 2415 1184 2495 ipsius
1208 2412 1326 2474 decreti

85 2510 207 2578 tenore,
240 2503 416 2583 etquidem
446 2507 574 2586 primum
608 2524 648 2567 ex
679 2511 752 2566 voto
784 2503 915 2580 concilii,
941 2508 973 2562 ut
996 2502 1060 2582 ipsa
1083 2499 1161 2561 haec
1183 2505 1272 2560 velus
1297 2505 1328 2560 et

82 2589 209 2671 vulgata
234 2589 328 2650 editio
361 2591 489 2671 posthac
519 2610 610 2674 quam
642 2590 888 2653 emendatissime
920 2588 1116 2670 imprimatur,
1152 2584 1326 2665 quodcum

87 2675 206 2755 absque
229 2681 333 2737 textus
356 2678 512 2760 originalis
536 2696 594 2740 usu
627 2677 693 2739 fieri
717 2695 778 2739 non
800 2682 916 2757 posset,
940 2675 979 2736 de
1002 2674 1092 2755 hujus
1116 2671 1270 2733 authentia
1294 2675 1326 2731 et

83 2761 309 2843 praerogativis
332 2761 454 2825 dubium
477 2780 538 2825 non
571 2769 657 2839 erat;
688 2763 814 2824 alterum
849 2779 889 2823 ex
920 2760 1033 2843 apertis
1057 2758 1179 2821 concilii
1201 2756 1324 2819 verbis:

88 2846 139 2926 ,si
163 2865 205 2909 ex
228 2846 368 2911 omnibus
390 2849 491 2912 latinis
514 2849 699 2912 editionibus
722 2847 869 2924 etc.“**)

170 2931 338 3012 Sapienter
367 2938 473 3017 itaque
499 2936 670 2998 concilium
697 2936 821 2997 decreta
852 2935 915 2997 isto
937 2932 1040 2994 coluit
1060 2935 1099 3006 a)
1120 2945 1323 3008 praecavere,

85 3037 126 3079 ne
149 3018 316 3097 Catholici,
349 3022 452 3085 latina
482 3023 590 3102 linpua
619 3030 750 3097 utentes,
778 3030 808 3082 st
836 3029 942 3082 tectas
964 3016 1132 3097 oripinalis
1155 3014 1269 3093 ipnari,
1292 3014 1326 3073 in

83 3106 248 3167 sermones
269 3107 445 3169 inciderent
464 3126 486 3169 a
508 3107 760 3169 Protestcntibus
780 3106 942 3187 profectas
964 3111 995 3164 et
1018 3101 1326 3177 orthodasiasperi-

83 3191 236 3264 calosas3
257 3200 289 3254 et
310 3194 349 3270 ti)
372 3192 505 3274 efficere,
536 3202 572 3256 ut
604 3214 644 3257 ea
665 3192 808 3255 amnibus
830 3189 1031 3253 versionibus
1055 3187 1221 3249 latiniaco
1246 3194 1325 3245 tem-

82 3294 158 3354 pera
182 3278 380 3341 emtoribus
411 3289 522 3359 satque
551 3282 714 3360 percensis
743 3279 802 3340 illu
835 3276 1115 3348 commendaretur,
1138 3289 1228 3351 quae,
1253 3270 1326 3331 licet

83 3380 146 3424 nan
164 3380 303 3443 proram
327 3365 428 3427 libera
462 3365 503 3427 ab
532 3370 626 3442 amnt,
659 3365 747 3428 nullo
769 3374 872 3426 tamen
893 3364 951 3425 tali
973 3360 1140 3438 defoedata
1161 3364 1245 3418 esset
1268 3374 1323 3416 er-

82 3466 167 3525 rare,
198 3449 254 3528 qui
280 3453 464 3528 pernicioso
494 3452 621 3514 cuidam
650 3453 788 3531 dramati
807 3450 1074 3529 patrocinaretur,
1096 3446 1143 3506 ito
1163 3451 1199 3506 ut
1220 3442 1323 3505 docu-

83 3536 179 3597 menti
200 3536 307 3598 inetur
328 3538 364 3599 in
384 3537 607 3601 essentialibus
626 3539 719 3617 fidem
737 3537 886 3616 facientia
908 3532 1018 3596 haberi
1036 3538 1158 3612 possm.

112 3722 144 3787 l)
159 3719 217 3773 bib.
233 3720 264 3773 li
281 3722 315 3775 de
331 3722 416 3775 acrba
433 3721 483 3775 ltei
500 3738 524 3774 c.
542 3721 584 3777 11.
1281 3781 1287 3793 ,

96 3789 142 3857 θ’)
160 3788 291 3855 Selmena,
308 3793 430 3860 quicum
447 3791 603 3845 bellarmino
621 3791 736 3845 interfuit
753 3787 876 3851 concilio,
900 3787 928 3840 in
952 3785 1099 3855 Prolepom.
1121 3787 1145 3838 3.
1166 3780 1261 3848 „liihih
1279 3796 1322 3861 m-

166 3861 231 3928 quit,
250 3859 284 3911 de
302 3859 492 3929 exemplaribus
511 3863 613 3930 graecis
638 3860 682 3912 vel
700 3858 828 3911 hebraicis
847 3857 987 3926 agebatur3
1005 3864 1103 3908 tantum
1121 3855 1189 3905 inter
1206 3857 1244 3903 tot
1262 3848 1321 3899 edr-

165 3929 253 3981 tioaea
277 3927 379 3994 latinas,
407 3946 471 4000 quas
495 3938 584 3983 nosue
606 3927 712 3981 saecula
736 3928 1062 3995 parturierant,·quaenam
1081 3938 1114 3974 ex
1130 3921 1181 3973 illis
1200 3924 1320 3985 praesta-

163 4004 217 4060 ret,
235 4012 321 4049 sermo
340 4006 409 4062 erat;
426 3998 537 4051 liberum
555 4007 639 4050 autem
656 3997 761 4066 reliquit
778 3996 913 4059 omnibus,
929 3997 974 4064 qul
986 3995 1130 4060 Scripturas
1149 4000 1238 4041 sacras
1255 4000 1320 4050 pro-

166 4063 273 4117 tandiua
300 4068 464 4132 meditantur,
488 4067 574 4120 lantes
598 4067 736 4119 hebraicos
760 4073 786 4119 et
809 4080 930 4133 graecos,
949 4073 1076 4132 quamnim
1094 4073 1161 4124 opus
1179 4063 1229 4117 est,
1250 4068 1317 4104 con-

165 4133 263 4253 aulere,
281 4152 333 4254 {pue
352 4146 466 4190 nostram
483 4139 546 4190 vitio
564 4136 724 4189 librariorum
734 4134 777 4187 vel
788 4143 931 4202 temporum
951 4133 1043 4198 injuria
1061 4133 1207 4193 corruptam
1226 4137 1319 4174 emen-

184 4218 229 4254 are
246 4210 375 4256 vacant“

217 4270 299 4323 lulius
317 4273 450 4342 hugones,
470 4273 632 4325 secretarius
650 4271 819 4340 apostolicas,
844 4270 888 4322 lib.
907 4269 940 4320 de
959 4268 1050 4334 Script.
1071 4276 1128 4314 cau.
1147 4277 1171 4313 c.
1189 4261 1232 4314 tt.
1252 4263 1319 4313 scri-

164 4337 215 4390 bit:
234 4340 331 4406 „cnjus
356 4344 414 4408 piae
438 4358 513 4393 aures
536 4341 604 4393 terre
632 4350 763 4408 poterunt,
791 4339 939 4392 hebraicam
968 4337 1108 4389 editionem
1128 4358 1163 4413 ⁸?
1180 4358 1212 4369 —
1234 4348 1249 4382 a
1268 4347 1319 4412 qua

164 4423 256 4461 omnes
276 4410 403 4465 editiones
422 4411 494 4463 velut
513 4427 528 4462 a
564 4419 654 4461 arente
684 4421 712 4463 et
735 4410 807 4461 tonte
826 4422 874 4459 suo
892 4406 1028 4463 duxerunt,
1048 4408 1227 4452 correctiones
1247 4400 1319 4450 den-

164 4486 259 4529 vantur
285 4486 311 4531 et
336 4479 528 4547 discrepantiae
546 4428 712 4531 lamnarum
739 4478 815 4546 cnlpt
846 4484 951 4527 exortum
977 4474 1082 4540 saepias
1106 4467 1225 4523 sublatae
1248 4475 1317 4531 sunt,

137 4552 140 4559 '
163 4558 235 4598 nnnc
249 4546 382 4613 explosam
400 4556 427 4601 et
444 4547 587 4601 damnatam
607 4548 699 4599 esse!“
1319 4568 1348 4608 ,ι
