2834 4896
1297 209 1318 275 3

78 374 174 451 tem*)
186 377 397 439 secutieontrs
409 375 486 440 baec
497 377 693 441 revelationis
702 377 823 441 divinae
834 377 923 441 effata
936 379 1125 459 protulerint,
1138 387 1188 445 aui
1202 383 1314 445 absur-

77 461 146 523 dum
159 468 224 540 est,
248 469 300 525 aut
310 462 495 527 nodumnon
507 464 612 540 solvit,
625 464 680 526 sed
695 463 908 539 discindit.**)
930 500 967 509 -
984 465 1094 527 Veram
1115 468 1152 543 b)
1168 470 1317 531 diversa-

76 568 144 609 rum
159 567 281 629 quoqne
303 551 481 629 linquerent
493 552 646 631 oriqinern
656 552 782 612 eaedem
800 570 842 612 ss.
860 553 970 613 literae
981 570 1001 613 a
1012 552 1078 613 Deo
1094 555 1260 627 dariam&
1271 555 1318 617 sio

77 635 157 695 enim
169 635 300 716 legimus
314 635 424 698 Genes.
440 635 488 713 11,
506 643 516 698 1
537 670 578 681 -
592 640 620 699 9.
650 636 741 715 „Erat
754 643 856 699 autern
871 643 952 697 terra
964 637 1033 699 labii
1049 639 1137 701 unius
1151 646 1181 701 et
1195 658 1318 702 sermo-

76 738 146 782 num
160 720 338 785 eomndem.
363 721 500 800 Cumque
521 720 790 803 proficiscerentur
810 721 848 783 de
866 723 1003 799 oriente,
1031 725 1213 787 invenerunt
1231 743 1318 787 cam-

76 825 146 888 pum
169 808 305 870 interra
328 806 452 885 Senaar,
477 816 508 870 et
529 808 741 869 habitaverunt
769 809 800 869 in
834 826 881 869 eo.
906 808 1051 889 Dixitque
1079 811 1158 873 alter
1180 811 1218 873 ad
1240 829 1317 893 pro-

76 892 190 954 ximum
213 909 317 955 suum:
340 892 459 973 Venite,
483 893 630 956 iaciamus
653 893 777 970 lateres,
808 900 839 956 et
862 912 1028 977 coquamus
1053 913 1108 957 eos
1131 897 1208 979 igni.
1254 896 1319 960 Ha-

83 979 281 1060 bueruntque
311 980 424 1041 lateres
446 997 502 1062 pro
533 981 634 1057 saxis,
669 988 700 1042 et
730 980 864 1041 bitumen
888 997 943 1060 pro
967 988 1145 1061 coernento,
1169 991 1200 1045 et
1221 983 1318 1046 dixe-

77 1071 162 1126 runt:
186 1064 307 1142 Venite,
331 1065 476 1129 iaciamus
499 1066 588 1128 nobis
612 1065 763 1127 civitatem
795 1073 826 1127 et
848 1066 962 1142 turrim,
987 1067 1073 1147 cujus
1097 1069 1217 1131 culmen
1241 1086 1316 1151 per-

78 1151 176 1231 tingat
199 1150 237 1212 ad
262 1152 398 1230 coelum,
423 1159 454 1214 et
477 1151 667 1215 celebremus
696 1170 807 1214 nomen
832 1159 984 1229 nostrum,
1008 1159 1171 1232 antequam
1195 1154 1317 1217 divida-

80 1254 147 1297 mur
170 1238 201 1297 in
226 1238 384 1300 universas
409 1244 516 1300 terras.
550 1237 719 1301 Descendit
741 1245 840 1299 autem
860 1238 1016 1315 Dominus,
1042 1245 1073 1298 nt
1096 1241 1214 1301 videret
1238 1243 1318 1302 civi-

80 1328 171 1384 tatem
196 1328 228 1384 et
251 1325 364 1400 turrim,
387 1342 476 1404 quani
502 1322 704 1385 aedificabant
727 1323 777 1385 filii
800 1322 916 1402 Adam,
940 1331 971 1385 et
994 1324 1084 1386 dixit:
1107 1324 1205 1403 Enoc,
1241 1345 1319 1389 unus

83 1414 128 1470 est
149 1408 281 1489 populus
305 1417 336 1471 et
358 1428 450 1471 unum
473 1410 585 1471 labium
609 1410 759 1488 omnibns,
784 1416 1014 1491 coeperuntque
1040 1410 1100 1472 hoc
1123 1411 1237 1489 iacere,
1259 1431 1319 1475 nec

85 1494 232 1556 desistent
255 1513 272 1557 a
296 1496 532 1577 cogitationibus
555 1497 637 1572 suis,
661 1495 761 1558 donec
784 1513 837 1558 eas
861 1514 956 1577 opere
980 1497 1162 1578 eorrrpleant.
1207 1499 1318 1560 Venite

83 1580 180 1661 igitur,
204 1579 429 1646 descendamus
452 1590 483 1643 et
506 1581 728 1644 confundamus
752 1582 793 1643 ibi
816 1582 950 1664 linguam
974 1600 1098 1660 eorum,
1121 1591 1238 1647 utnon
1261 1600 1320 1646 au·

83 1666 141 1727 diat
164 1669 378 1748 unusquisque
400 1686 509 1730 vocem
539 1670 668 1747 proximi
700 1669 755 1729 sui.
801 1666 905 1747 Atque
928 1670 969 1729 ita
993 1667 1095 1730 divisit
1126 1688 1182 1732 eos
1206 1669 1318 1731 Domi-

81 1770 134 1813 nus
158 1771 200 1815 ex
221 1752 273 1815 iilo
295 1753 365 1816 loeo
398 1756 428 1815 in
457 1756 616 1816 universas
648 1754 757 1830 terras,
788 1760 820 1815 et
849 1764 1047 1816 cessaverunt
1082 1755 1245 1818 aedificare
1270 1756 1319 1817 ai-

80 1838 211 1900 vitatem.
256 1839 294 1901 Et
317 1839 431 1902 ideirco
454 1846 595 1903 vocatum
619 1847 667 1901 est
687 1857 799 1901 nomen
830 1839 897 1920 ejus
919 1839 1023 1916 Debai,
1047 1840 1118 1919 quia
1141 1842 1181 1903 ibi
1205 1841 1318 1903 ceniu-

83 1941 148 1985 sum
171 1931 222 1985 est
242 1924 353 1986 labium
366 1927 530 1991 universae
541 1933 651 2003 terrae,
667 1931 698 1987 et
715 1925 786 1988 inde
810 1927 954 2006 dispersit
977 1943 1032 1987 ees
1055 1926 1202 1988 Dominus
1225 1945 1320 2009 super

81 2009 189 2071 faciem
222 2017 399 2073 cunctarum
424 2014 613 2094 regionum“.
650 2048 685 2056 -
717 2012 839 2073 Poenae
874 2013 978 2073 instar
1006 2015 1108 2092 itaque
1140 2014 1319 2092 iimpaaram

80 2097 253 2159 diversitas
275 2099 310 2159 in
330 2098 507 2160 bominibus
530 2098 734 2176 depeneribas
757 2107 788 2159 et
807 2117 898 2158 saara
920 2100 1056 2176 pieriam
1077 2100 1278 2177 querentibus
1301 2118 1321 2160 a

82 2181 144 2242 Deo
169 2181 279 2262 effecta
302 2193 369 2257 est,·
391 2193 444 2245 ast
461 2202 567 2263 poena
589 2184 656 2245 baec
684 2202 743 2262 pro
768 2186 890 2261 infinita
912 2186 1071 2262 sapientie
1094 2186 1204 2261 diuinet
1226 2185 1322 2247 simal

82 2287 148 2329 enm
171 2269 282 2331 babuit
300 2271 449 2348 finem,at
457 2288 557 2349 penas
579 2269 746 2331 benennam
767 2288 830 2330 aon
854 2278 973 2331 tantam
993 2289 1052 2349 por
1071 2273 1206 2350 pbpsica
1227 2290 1320 2332 neon-

84 2356 166 2431 tt'urn,
190 2355 385 2417 desertorum
416 2364 446 2417 et
477 2358 621 2430 marinna,
650 2357 707 2416 sed
737 2356 831 2416 etiem
850 2374 909 2434 per
931 2357 1115 2434 spiritualia
1137 2359 1321 2419 idiornatam

84 2440 248 2503 obstacula
271 2444 304 2502 in
325 2450 432 2521 pentes
454 2442 590 2503 divisum
613 2450 644 2503 et
665 2442 839 2519 injunctam
861 2441 901 2501 ab
923 2443 1102 2502 universali
1120 2444 1321 2520 correptione

80 2536 351 2604 praeservaretor,
374 2527 458 2606 qnod
466 2536 656 2607 quantopere
671 2528 888 2588 necessariam
907 2527 1007 2605 faerit
1019 2537 1049 2588 et
1070 2528 1246 2589 adbeedarn
1267 2529 1321 2605 sit,

83 2613 219 2674 bistoria
245 2622 337 2694 atqae
361 2615 557 2692 experientia
571 2614 885 2676 loculenterdoeetet
906 2613 1039 2689 docebit,
1064 2612 1184 2693 „donec
1199 2630 1322 2697 oecur-

170 2915 229 2968 illos
250 2916 376 2980 habeant3
396 2916 461 2970 alios
480 2931 608 2982 asserere,
626 2914 813 2969 vocabulorum
833 2916 937 2985 linguae
956 2916 1159 2984 significationes
1178 2932 1237 2969 esse
1256 2933 1323 2969 con-

171 3001 249 3053 gruas
270 2986 350 3037 indoli
370 3001 472 3041 rerum.
492 3003 556 3055 quas
575 2987 649 3051 hujus
669 2984 712 3037 vel
732 2985 800 3036 iilius
820 2986 924 3051 linguae
943 2987 1094 3037 inventores
1114 2987 1252 3053 designare
1271 3002 1322 3038 vo-

170 3054 298 3119 lnissent3
317 3064 407 3108 conus
426 3064 511 3106 autem
530 3055 667 3120 Socrates,
692 3070 769 3123 quem
786 3053 859 3105 Pluto
884 3054 1032 3122 toquentem
1061 3055 1171 3120 indus-ii,
1200 3058 1248 3118 aii,
1277 3070 1323 3107 ens

170 3123 274 3174 homine
293 3124 471 3187 excellentius,
492 3126 549 3175 sive
567 3126 600 3175 sit
610 3127 689 3189 Deus,
708 3125 764 3175 sive
783 3124 903 3187 daemon,
923 3125 1005 3191 prima
1024 3139 1066 3175 res
1084 3123 1253 3193 designantes
1271 3139 1323 3176 vo-

172 3192 265 3243 cabula
283 3194 432 3261 inspirasse.

120 3262 149 3326 *)
168 3260 288 3313 Horatius
307 3277 383 3312 serm.
403 3262 426 3312 i.
445 3270 522 3328 satyr.
541 3260 567 3324 3,
585 3261 619 3313 99
646 3277 719 3380 seqq.

171 3329 274 3392 ,Duum
293 3338 478 3397 prorepserunt
496 3331 582 3397 primis
601 3331 684 3382 anima
696 3333 719 3381 ia
739 3330 823 3392 terris,

171 3397 266 3450 Mutum
284 3408 312 3451 et
327 3407 402 3466 turpe
420 3414 501 3466 pecus
520 3399 640 3468 glandem
659 3408 736 3467 atque
756 3396 849 3451 rubilia
867 3405 982 3464 prepter,

172 3466 305 3537 Unguibus
325 3477 351 3519 et
369 3471 471 3535 pugnis,
492 3468 552 3519 dein
572 3468 681 3521 fustibus
700 3477 776 3536 atque
796 3469 829 3519 itu
848 3482 927 3533 porro

171 3535 323 3603 Pugnabant
341 3539 425 3601 armis,
445 3552 512 3606 quae
531 3546 590 3605 post
608 3536 781 3588 fabricaverat
799 3552 871 3599 usus,

171 3604 263 3657 Donec
280 3604 370 3670 verba,
389 3606 483 3674 quibus
501 3621 583 3659 voces
602 3622 749 3674 sensusque
767 3611 896 3667 notarent,

172 3672 280 3725 Nomina
298 3677 451 3727 invenere.“

104 3742 149 3808 ⁸⁴)
168 3741 208 3793 Ad
226 3743 381 3795 solutionem
400 3744 475 3808 hujus
484 3743 651 3811 problematis
670 3744 784 3810 praemio
795 3741 924 3805 donatam,
944 3750 1203 3810 quamproposucrat
1214 3741 1323 3804 fierden,

173 3813 316 3878 respiciens
341 3812 423 3865 Gotho
450 3822 522 3864 recte
547 3813 712 3866 observavit:
740 3811 806 3876 „biis
830 3810 920 3861 schien
945 3812 987 3862 die
1014 3810 1098 3880 Frage
1123 3813 1325 3879 einigcrnmssen

173 3883 283 4000 missig3
303 3881 373 3959 deun
391 3897 471 4000 werp
482 3881 559 4000 diiotts
570 3878 1267 4001 denhbienspbednfulgufitigfflcohziuprschagipphffitnc3
1294 3894 1325 3999 :g

172 3964 399 4085 gra:elrnrirelidsesr:j
410 3966 523 4082 nffdlsstd:³
535 3966 747 4086 dalfsaceregeiiesn
772 3965 823 4069 dud
843 4016 944 4083 greiien
967 3966 1202 4083 konn{‚alio⁸gut
1228 3986 1326 4069 urdsste

173 4102 203 4139 er
220 4086 286 4139 auch
305 4087 413 4155 gewebr
430 4089 549 4148 werden,
568 4088 628 4139 dass
647 4103 676 4139 er
694 4089 738 4138 mit
756 4087 803 4138 der
821 4086 902 4137 Kebie
922 4102 952 4135 zu
972 4088 1074 4154 singen.
1093 4084 1145 4137 und
1163 4085 1237 4136 diese
1253 4085 1326 4137 Titne

173 4155 255 4206 durch
272 4154 372 4223 lunge,
392 4155 507 4207 Gaumen
525 4157 577 4206 und
596 4157 694 4223 Lippen
712 4156 778 4207 auch
801 4154 847 4206 aui
862 4153 1051 4206 verschiedene
1069 4155 1158 4205 Weise
1183 4171 1214 4204 zu
1240 4154 1325 4205 niodi-

176 4224 265 4276 iiciren
289 4231 422 4294 vermttgo.
458 4225 520 4276 War
538 4226 585 4277 der
602 4225 708 4276 biensch
733 4223 874 4292 gottlichen
893 4223 1048 4290 Ursprungs‚
1075 4238 1106 4273 so
1128 4238 1185 4274 war
1210 4239 1239 4274 es
1258 4221 1326 4273 auch

174 4292 216 4344 die
234 4292 349 4360 Spracbe
367 4292 459 4357 selber,
479 4293 530 4345 und
548 4309 604 4345 war
627 4293 674 4345 der
691 4293 805 4357 mensch,
825 4294 850 4342 in
878 4291 936 4342 deni
955 4291 1089 4341 iinikreise
1115 4291 1160 4342 der
1179 4291 1258 4344 Natus
1276 4290 1326 4341 be-

172 4361 290 4425 trachici,
315 4364 357 4413 ein
375 4362 532 4414 natiiriicbes
550 4362 656 4417 Wesen.
685 4378 714 4413 so
737 4379 793 4413 war
816 4362 857 4412 die
875 4359 990 4426 Spraehe
1018 4359 1164 4423 gleichfaiis
1189 4357 1326 4411 natiiriich.

173 4430 252 4482 Diese
269 4431 364 4483 beiden
382 4429 466 4499 Dinge
485 4432 582 4482 konnte
601 4431 643 4482 ich
661 4434 717 4488 nio,
743 4431 810 4482 Seei'
840 4430 891 4480 und
908 4426 970 4479 beib
989 4428 1096 4479 niemals
1125 4445 1171 4480 aus
1198 4427 1324 4481 einander

172 4499 310 4568 bringen“.
344 4499 398 4552 Ans
416 4502 527 4552 moinem
544 4499 633 4553 beben
649 4501 674 4552 2.
692 4500 740 4558 Bd.
759 4500 785 4551 S.
803 4500 862 4552 469.
1125 4570 1171 4634 μ
