2834 4896
1251 200 1294 266 bb

45 381 157 446 media
178 380 233 443 oid
255 379 348 442 etiam
370 377 430 440 bac
452 378 485 440 iu
507 396 542 440 re
567 375 611 439 ad
639 393 717 438 aera
747 375 878 441 ducente
899 375 1079 440 incederent
1104 380 1296 439 statuerent-

48 488 121 550 que,
143 469 326 529 elementum
345 464 579 544 fundamentale
601 461 638 527 N.
657 462 690 523 T.
713 463 874 527 idiomatis
897 481 967 526 esse
990 463 1128 542 llapuam
1149 478 1298 541 graecam

47 555 224 634 culparem,
247 557 280 613 ei
298 569 396 630 porro
418 553 607 629 impressum
638 567 710 610 esse
743 549 958 612 characterem
982 549 1106 628 linguae
1128 547 1295 609 hebraicae

49 649 80 702 et
102 645 287 701 aramaicac
311 645 374 697 tum
396 636 500 716 quoad
518 635 654 715 formam
676 643 858 711 externam,
882 645 945 697 tam
968 634 1019 695 bic
1041 633 1087 695 ibi
1117 633 1221 715 quoad
1241 635 1296 693 iu-

50 725 154 787 dolem
188 725 353 799 imteraam,
390 730 421 783 et
449 721 581 800 denique
611 722 752 781 admixta
784 737 904 800 qaoque
932 719 1039 800 plura,
1072 736 1151 799 quac
1184 717 1296 797 religia

50 811 235 873 cbristioaa
256 810 291 869 im
311 827 373 869 usu
396 807 542 887 loquendi
564 803 708 885 effecerat
728 824 811 867 nooa

139 894 208 956 Hoc
230 894 332 973 itaque
356 892 463 954 ordine
487 907 614 974 agemus
637 890 676 952 de
698 889 822 973 linguae
844 891 879 953 N.
902 891 935 954 Τ.
959 889 1130 967 elementis,
1154 888 1295 950 nimirum

53 987 209 1062 quatenus
233 985 282 1040 est
304 996 427 1060 graeca,
449 977 634 1040 hebraistica
658 981 689 1038 et
710 975 746 1038 N.
760 976 791 1037 Τ.
815 977 1015 1058 scriptoribus
1038 976 1212 1057 peculiaris,
1234 990 1295 1054 quo

54 1066 137 1129 iacto
160 1065 291 1148 patebit,
313 1063 425 1127 idioma
448 1063 485 1127 N.
509 1063 541 1124 Τ.
563 1080 622 1123 nec
644 1079 720 1143 pure
738 1080 882 1144 graecam
905 1080 976 1126 esse
998 1062 1142 1144 linguam,
1167 1077 1297 1139 eamque

56 1152 213 1232 antiquam
236 1151 367 1226 atticam,
389 1167 491 1229 noque
515 1148 594 1209 adeo
617 1147 796 1210 hebraismis
819 1149 933 1230 ubique
967 1155 998 1211 et
1020 1166 1118 1230 acque
1141 1146 1297 1223 refertam,

55 1244 87 1301 ut
108 1237 227 1321 passim
248 1235 441 1309 clamitarupt
461 1234 650 1318 grammatici
674 1240 705 1297 et
726 1234 910 1317 interpretes
932 1233 978 1310 *t

658 1512 703 1620 i<

55 1688 100 1752 Dc
130 1687 242 1751 indole
271 1687 395 1768 liuguae
417 1688 455 1752 N.
476 1689 510 1751 Τ.
539 1688 779 1768 fundamentali,
810 1709 867 1752 seu
897 1690 935 1751 de
959 1690 1066 1770 linqua
1087 1688 1123 1751 N.
1147 1686 1191 1763 T,
1213 1705 1297 1768 qua-

528 1785 618 1838 temus
640 1785 690 1838 est
710 1794 835 1856 praeca.

628 1970 659 2039 §-
682 1961 733 2027 33.

228 2096 334 2153 lndolca
350 2097 455 2169 linguas
473 2114 585 2168 graecae
604 2101 709 2151 serioris
728 2100 870 2151 communio
888 2115 920 2152 ac
938 2099 1053 2169 vulgaria
1070 2100 1124 2167 aa).

141 2235 255 2300 Aetate
266 2236 493 2301 Alecaudridi.
508 2240 635 2321 ejusque
658 2258 878 2302 successorum
901 2241 1009 2321 liapua
1029 2260 1144 2318 praeca
1166 2240 1302 2321 duplicia

60 2326 184 2404 perceris
206 2324 305 2386 subiit
325 2326 528 2387 mutationem
551 2328 716 2403 internam,
729 2336 881 2407 quatenus
904 2338 997 2388 enata
1020 2337 1067 2389 est
1091 2333 1129 2402 a)
1148 2329 1303 2390 dialectos

61 2411 235 2472 communis
257 2405 429 2485 (διάλεκτος
450 2404 560 2489 κοινή),
584 2415 604 2474 i.
629 2431 654 2473 e.
680 2414 788 2492 lingua
806 2415 959 2491 prosaica
981 2414 1015 2474 io
1038 2413 1129 2475 libris
1152 2412 1302 2488 adbibita,

62 2499 151 2575 cujus
171 2495 410 2575 fundamentum
427 2506 496 2560 erat
519 2499 673 2560 dialectos
696 2501 802 2574 attica,
823 2498 863 2559 ab
879 2499 938 2560 bac
959 2516 1034 2560 aera
1051 2499 1304 2579 distinguebatur

63 2584 197 2662 receptis
221 2590 285 2644 tum
307 2582 385 2658 illis,
409 2600 490 2663 quac
511 2586 786 2665 quomodocunque
810 2594 901 2646 erant
921 2603 1049 2665 praeca,
1073 2595 1135 2648 tum
1154 2584 1303 2666 pluribus

62 2668 352 2748 provincialismis3
375 2668 412 2744 b)
427 2668 581 2735 dialectos
603 2671 826 2751 caldariata.
841 2670 948 2751 lingua
972 2672 1006 2733 im
1027 2674 1094 2733 oita
1117 2672 1303 2752 quotidiana

64 2757 191 2830 usitata,
214 2754 249 2814 in
271 2771 333 2834 qua
351 2757 564 2835 proprietates
585 2758 749 2819 variarum
778 2761 869 2836 prius
902 2766 1123 2836 separatarum
1145 2758 1303 2819 dialecto-

65 2859 129 2902 rum
151 2837 373 2918 confluxerunt
392 2843 426 2902 im
456 2861 560 2920 unam,
592 2845 638 2905 ita
661 2852 772 2920 tamen,
803 2852 838 2905 ut
859 2844 1064 2907 macedonica
1093 2844 1303 2924 praevaleret.

147 2925 392 2989 Peculiaritates
415 2928 543 2991 dialecti
564 2931 736 2992 communis
757 2939 832 2992 suut
857 2932 975 3009 partim
1006 2930 1169 3007 leaicales,
1187 2931 1305 3010 partim

67 3011 328 3091 grammaticales.

149 3100 177 3159 1.
201 3096 389 3161 Lecicales:
410 3097 566 3162 dialectos
589 3101 666 3161 baec

147 3188 189 3260 a)
213 3183 475 3264 complectebatur
496 3204 590 3247 oaces
606 3206 644 3248 ac
666 3204 778 3248 oocum
797 3185 919 3265 formas
942 3187 1077 3249 omnium
1100 3186 1305 3249 dialectorum

67 3288 252 3348 praecorum
283 3269 403 3350 absque
437 3271 637 3350 discrimine,
670 3272 809 3335 nimirum
843 3272 967 3352 atticas,
1002 3272 1141 3351 doricas,
1172 3272 1304 3354 jonicas,

67 3354 291 3434 macedonicus,
314 3372 538 3436 syracusanam

148 3443 189 3518 b)
209 3442 352 3519 oocibus,
385 3444 551 3523 quaejam
583 3445 723 3525 antiquis
746 3453 837 3507 eraut
857 3447 1002 3523 usitatae,
1023 3444 1180 3508 tribuebat
1200 3445 1305 3524 signi-

66 3528 229 3603 maiorer
250 3545 362 3605 nouas,
378 3530 523 3609 imprimis
545 3541 648 3593 autem
662 3533 697 3592 ia
710 3531 807 3594 oerba
829 3540 942 3594 neutra
964 3531 1122 3595 translata
1138 3540 1187 3594 est
1202 3531 1307 3610 sipri-

69 3615 171 3689 dcotio
195 3615 387 3688 tramitiaa3
409 3616 444 3677 in
465 3634 504 3678 ea
668 3619 671 3626 '
873 3632 877 3639 ·

147 3703 188 3775 c)
209 3702 305 3762 acces
340 3709 397 3764 aut
424 3719 536 3763 cocum
554 3701 695 3781 formae,
725 3703 766 3764 ab
800 3703 937 3781 antiquis
960 3702 1091 3766 Graecis
1124 3722 1218 3780 raro,
1252 3709 1309 3763 aut

69 3786 194 3847 nonnisi
216 3805 238 3848 a
255 3788 361 3866 podiis
382 3795 414 3849 et
433 3790 467 3849 im
488 3786 571 3868 stylo
594 3789 771 3850 sublimiori
804 3788 979 3864 adhibitae,
1012 3789 1118 3869 [actae
1140 3797 1215 3851 saut
1234 3790 1306 3849 usi-

70 3873 199 3933 tatiores
221 3880 253 3934 et
272 3872 449 3950 adamatae,
472 3874 523 3934 oel
543 3875 577 3935 im
599 3875 712 3955 stylum
731 3877 917 3954 prosaicum
938 3893 1057 3956 quoque
1081 3875 1240 3949 abierum3

149 3957 192 4035 d)
214 3976 311 4020 aocet
331 3960 486 4040 quaedam
508 3957 614 4037 aliam,
634 3960 817 4041 plerumque
854 3961 1024 4042 longiorem
1046 3963 1215 4024 induerunt
1231 3959 1306 4039 for-

10 4066 12 4079 ·
71 4059 170 4117 mam3
192 4042 325 4124 demque
419 4064 421 4068 ’

151 4133 189 4205 e)
211 4147 312 4192 uooac
334 4148 430 4193 aocet
450 4149 491 4193 ac
509 4130 632 4210 formae
654 4141 730 4196 suat
749 4143 861 4197 caatac

108 4381 296 4502 Ἷξτογίιιιίο
320 4401 399 4439 cauea
418 4402 466 4471 por
483 4388 649 4473 hebraismus·
668 4391 847 4474 designamus,
867 4404 1038 4473 quaecunque
1056 4387 1100 4441 vcl
1118 4403 1133 4440 o
1151 4387 1239 4456 lingua
1257 4387 1307 4438 ha-

91 4517 136 4585 m)
154 4454 318 4576 crfppcgg‘ppp
333 4457 682 4597 ppamosppcafinpclaplplprpppa
700 4476 725 4510 m
745 4460 774 4511 ll.
793 4460 819 4510 Τ.
838 4469 897 4512 aunt
915 4474 1039 4528 pugnem.

1137 4600 1160 4660 5
