2834 4896
80 228 147 297 m

193 392 550 486 namma-‘putores'
571 390 762 468 sototaitae
783 384 1094 469 recommemorent
1115 402 1203 467 bilici

633 616 662 685 a.
693 581 765 674 ιιι.

501 762 541 834 Δ)
557 763 724 833 unianimes,
752 762 900 834 etquidem

623 924 648 975 l.
665 921 778 976 Graecis

168 1063 319 1146 Oripsnes
341 1068 380 1141 (ι
400 1063 504 1145 asa),
527 1063 653 1128 scholae
675 1063 902 1129 Alexandrinae
924 1069 958 1127 et
977 1064 1078 1128 serius
1102 1061 1317 1129 caesareensis

85 1148 199 1228 decus,
230 1150 263 1213 in
291 1149 389 1214 literis
411 1150 519 1215 ιιιιιι
550 1158 581 1215 et
608 1149 745 1233 profanis
778 1150 1023 1230 versatissimus,
1055 1168 1120 1214 non
1153 1156 1272 1213 tantum
1292 1150 1318 1211 in

86 1237 227 1314 homiliis,
250 1236 307 1300 sed
330 1244 361 1299 et
382 1238 413 1299 in
435 1236 561 1301 scholiis
585 1243 616 1300 et
638 1239 862 1301 commentariis
886 1243 1001 1301 textum
1023 1253 1147 1300 sacrum
1170 1236 1318 1300 illustrare

88 1331 216 1387 conatus
240 1331 297 1401 est,
312 1323 493 1405 scriptorum
517 1331 617 1386 tamen
633 1325 700 1405 ejus
724 1324 967 1423 exegetioorum·
978 1325 1090 1406 exigua
1112 1329 1233 1386 tantum
1255 1338 1320 1403 pars

87 1410 126 1472 ad
149 1428 205 1472 nos
229 1411 378 1490 pervenit,
401 1428 481 1491 quae
502 1408 699 1473 inveniuntur
719 1412 801 1473 inter
822 1428 916 1493 opera
939 1410 1008 1491 ejus
1030 1410 1088 1473 sub
1111 1409 1219 1472 titulo·
1243 1405 1322 1487 Ὠρι-

86 1497 187 1574 γένους
208 1516 247 1555 aa
269 1494 459 1574 εὑρισκόμενα
480 1494 580 1556 πάντα
603 1495 673 1559 edit.
696 1515 713 1560 ι
737 1497 776 1560 de
798 1497 828 1560 lu
849 1496 915 1560 Rue
937 1496 1061 1559 Parisiis
1086 1494 1181 1561 1733.
1212 1494 1323 1558 4ton1

85 1583 118 1644 in
140 1581 191 1644 iol.
215 1581 324 1645 Denuo
358 1596 491 1660 recens,
526 1581 711 1661 emendavit,
745 1585 854 1666 castig.
884 1583 952 1645 Gar.
981 1581 1116 1645 lleinric.
1142 1581 1201 1644 Ed.
1232 1580 1322 1645 Lom-

85 1667 231 1730 matzsoh.
254 1666 389 1730 berolini
412 1667 489 1768 (hue
510 1686 611 1749 usque
633 1669 707 1731 tomi
728 1669 824 1746 XXI).
846 1668 1029 1749 Dolendum,
1051 1669 1151 1732 virum
1175 1666 1325 1730 eruditum

86 1755 192 1817 sensui
216 1754 386 1836 allegorico
406 1754 496 1817 nimia
518 1754 695 1818 indulsisse.

174 1840 311 1913 Quatuor
346 1842 453 1923 magni
488 1841 642 1904 ecclesiae
681 1858 816 1924 graecam
850 1839 1327 1906 hermeneumatis

88 1931 129 2003 (ι
150 1922 252 2005 373.)
282 1925 427 1990 Basilius
455 1932 496 2002 (ι
522 1926 623 2005 379.,)
657 1927 827 2006 Greporiat
858 1927 1083 1992 Nazianzenus
1111 1932 1154 2003 (ι
1176 1923 1274 2000 389.)
1301 1929 1327 1987 st

87 2010 329 2095 chrysostomus
352 2010 503 2089 aaut)
526 2013 618 2077 studii
648 2013 767 2091 biblici,
800 2014 850 2077 cui
871 2032 928 2094 por
960 2020 1055 2077 totam
1085 2014 1182 2076 vitam
1204 2027 1328 2112 pperan

87 2099 254 2175 navabant,
285 2099 445 2180 praeclara
478 2098 568 2162 nobis
602 2099 792 2180 reliquerunt
823 2106 1036 2177 monumenta3
1067 2099 1101 2161 in
1122 2098 1235 2180 specie
1255 2112 1327 2159 nero

87 2183 381 2266 schrysostomus
419 2203 561 2267 magnam
595 2185 830 2268 ascriptores
864 2193 981 2286 partem
1022 2186 1153 2269 egregie
1187 2182 1328 2266 exposuit

87 2252 119 2333 ιι
144 2270 302 2352 homiliis,
333 2289 413 2353 quae
446 2277 509 2333 tum
541 2271 719 2354 interpreti,
753 2277 816 2334 tum
849 2273 1015 2336 animarum
1045 2271 1165 2355 pastori
1197 2270 1326 2335 maximo

87 2356 157 2419 usui
179 2363 259 2418 sunt.
305 2355 424 2438 Optima
453 2357 547 2420 editio
576 2360 739 2437 censetur,
770 2375 850 2439 quae
883 2356 965 2422 lacta
987 2365 1037 2422 est
1057 2378 1075 2421 a
1096 2356 1327 2422 hlontlauconio

86 2442 209 2507 Parisiis
234 2442 328 2512 1718.

172 2528 204 2590 S.
227 2528 365 2610 Cyrillas
386 2528 476 2592 Alea.
500 2534 540 2604 (ι
561 2526 652 2607 444.)
683 2528 873 2592 elucubravit
901 2520 1050 2610 Πιφιρά
1075 2547 1135 2594 seu
1170 2528 1327 2613 elegantes

88 2616 299 2695 expositiones
322 2615 508 2678 selectorum
529 2614 668 2678 locorum
690 2615 896 2698 pentateuchi,
919 2632 978 2678 nec
1000 2634 1064 2678 non
1089 2615 1326 2679 'commentarios

87 2699 119 2762 in
141 2700 259 2778 lsaiam,
282 2702 314 2765 in
337 2699 380 2764 tt
401 2701 566 2783 prophetas
593 2703 739 2781 minores,
761 2702 793 2763 ιι
814 2701 1014 2784 Evangelium
1037 2719 1062 2764 s.
1084 2701 1217 2765 loannis
1242 2709 1275 2764 et
1296 2698 1328 2762 al.

88 2783 190 2934 {ipone
221 2803 332 2936 ιθιέιέ·
318 2804 432 2875 graece
462 2793 495 2850 et
515 2787 607 2850 latine
638 2788 719 2851 edita
749 2793 820 2852 sunt
842 2807 860 2850 a
881 2789 991 2853 loann.
1014 2787 1134 2851 hubert
1162 2786 1222 2851 llll
1243 2785 1328 2851 tomis

111 2890 173 2936 ans
207 2878 219 2936 ι

175 2959 395 3040 Theodoreus,
425 2960 589 3042 episcopus
613 2954 751 3040 Cyrrhi
741 2978 774 3022 ιι
797 2959 883 3041 Syna
907 2965 947 3036 (ι
967 2957 1069 3038 467),
1092 2958 1222 3043 reliquit
1245 2977 1328 3022 ιοιι-

89 3046 254 3108 montarios
287 3046 393 3129 lectu·
403 3045 514 3130 dignos
536 3048 565 3109 in
588 3046 736 3125 Psalmos,
766 3046 932 3127 propbetas
956 3051 987 3108 et
1009 3044 1156 3128 epistolas
1183 3045 1327 3129 paulinas.

89 3131 190 3282 ξιρὲιι
223 3133 304 3280 ejus¹
325 3151 439 3216 graece
462 3138 494 3196 et
515 3132 607 3199 latine
636 3131 734 3195 edidit
764 3131 924 3213 Sirmontl,
955 3132 1057 3195 denuo
1080 3131 1217 3197 Sohulae
1240 3130 1329 3195 Halae

621 3392 646 3440 2.
672 3389 796 3458 Syriaci:

94 3587 99 3593 .
176 3527 261 3590 later
281 3529 376 3592 bosca
398 3530 512 3592 emmet
532 3546 558 3591 s
580 3526 786 3611 Ephraemas,
809 3528 956 3592 diaconus
979 3527 1134 3591 ecclesiae
1148 3527 1330 3592 Edessenas

92 3617 129 3688 (ι
151 3611 251 3690 378),
275 3617 326 3694 qui
347 3615 508 3697 pluresll.
532 3615 565 3676 Τ.
587 3615 682 3677 libros
711 3622 792 3677 tanta
822 3617 936 3697 pietate
960 3622 991 3678 et
1013 3614 1154 3678 claritate
1177 3615 1330 3698 exposuit,

92 3705 125 3760 ιι
156 3703 364 3763 commentarii
403 3702 470 3782 ejus
503 3707 574 3783 post
610 3701 704 3763 verba
737 3707 840 3765 textus
873 3704 955 3765 sacri
985 3701 1098 3783 populo
1136 3706 1329 3802 congregato

91 3776 351 3868 preelegerentur.
396 3786 497 3869 Opera
520 3788 587 3869 ejus
610 3787 746 3850 utribus
769 3786 854 3867 Syris
876 3805 1000 3850 nomme
1010 3787 1175 3850 Assemans
1198 3789 1329 3870 syriace,

89 3889 203 3955 graece
227 3875 259 3932 et
279 3869 372 3934 latine
395 3872 474 3935 edita
498 3880 568 3936 sunt
588 3872 628 3935 Vl
649 3871 751 3937 voll.'
742 3891 774 3934 ιι
796 3871 871 3936 lolio
893 3873 979 3937 Rom.
1005 3872 1240 3939 1732-1746.

636 4042 787 4095 3.aina'.·1.t

178 4180 210 4242 S.
232 4182 377 4244 Hilarius
406 4179 619 4244 Pictaoiensis
650 4188 691 4259 (ι
712 4181 815 4261 368.,)
849 4190 975 4247 secutus
1005 4182 1175 4266 Origenem
1210 4110 1334 4260 raham

92 4266 181 4328 nobis
215 4267 437 4348 expositionem
459 4266 645 4329 Psalmorum
668 4275 700 4330 et
720 4268 879 4352 Evangelu
901 4286 926 4331 s
948 4269 1101 4333 Matthaei.
1137 4268 1245 4349 Opera
1266 4263 1334 4346 ejus

93 4352 187 4416 edidit
209 4350 357 4416 Constant
378 4354 462 4416 Paris
487 4352 580 4416 1693.

179 4436 261 4500 lnter
284 4445 415 4519 quatuor
435 4456 564 4540 magnos
587 4439 740 4502 ecclesiae
762 4439 874 4502 latinae
897 4438 1043 4506 doctores
1067 4439 1183 4503 eminet
1204 4456 1234 4500 s
1257 4434 1336 4499 llis-

94 4542 244 4606 ranpmas
274 4529 314 4600 (ι
334 4524 437 4605 420.,)
468 4526 520 4609 qui
553 4526 707 4591 ecclesiae
738 4542 801 4590 non
831 4531 947 4590 ιιιιιιι
975 4542 1057 4592 nova
1089 4532 1121 4589 et
1150 4516 1337 4589 accuratiori
