2834 4896
1265 200 1329 271 188

88 387 159 435 rem
196 367 276 435 lesa
307 368 558 452 Hierosolymam
585 369 745 451 factorum
765 370 828 446 Ἲς
860 388 887 432 s.
917 369 1060 435 loannes
1090 391 1168 437 cero
1199 383 1330 458 praeter

87 456 258 519 camillam
295 475 389 521 mom
421 456 818 536 bistomco-dapmoticnm
851 466 919 520 tres
948 459 1077 537 priores
1108 459 1331 543 Eoonpelistos

85 543 302 624 suppletam,
324 551 365 617 et,
388 560 468 622 qnae
489 545 523 604 in
544 541 669 605 Jndaeo
690 542 1022 623 otqapllierosolpmis
1043 557 1223 624 evenerant,
1245 567 1328 611 nar-

85 632 230 705 raturus,
247 630 404 705 ,ordinem
432 630 688 709 cbroreolopicnm
718 624 855 710 qnidam,
887 637 1025 694 attamen
1057 650 1122 694 non
1149 636 1329 714 arctiorem,

84 715 287 779 radiantem
309 716 454 778 latiorem
474 714 645 787 obseroot;
743 744 747 751 ·

172 805 212 877 a)
234 800 455 882 annpelistoe
488 802 646 881 synoptici
675 800 740 863 diei
768 799 866 862 boras
896 819 982 864 more
1003 800 1198 866 ludaeorum
1219 823 1241 867 a
1261 807 1330 869 sols

85 885 218 963 oriente,
241 904 267 949 s.
279 883 421 950 loannes
442 905 518 949 cero
533 888 632 966 jacta
652 887 910 949 consuetudinem
920 887 1132 951 Romanorum
1154 908 1175 952 a
1197 889 1330 955 Graecis

85 974 181 1035 etiam
203 980 268 1034 tam
290 975 438 1053 temporis
459 973 668 1050 observatam,
690 980 725 1034 nt
746 991 816 1049 nos,
839 992 860 1035 a
880 975 983 1035 media
1004 982 1095 1036 nocte
1127 986 1330 1056 computarem

164 1058 214 1134 ,(1)
237 1060 349 1138 qaodsi
368 1058 644 1140 annpelistarnm
665 1058 751 1120 alias
774 1068 905 1138 tempas,
920 1059 1021 1121 locam
1043 1068 1074 1123 et
1094 1080 1208 1124 mecam
1230 1082 1330 1127 occa-

85 1144 201 1221 ratins,
233 1144 318 1207 olins
350 1147 454 1209 minas
486 1153 635 1207 accurate
668 1144 785 1223 definit,
800 1145 898 1223 jacta
919 1146 1008 1210 illins
1029 1147 1214 1211 relationem
1235 1149 1330 1230 boias

85 1231 234 1291 narratio
256 1230 494 1293 determinanda
515 1238 584 1305 est,·
605 1231 738 1311 deniqne

172 1319 209 1391 e)
233 1317 264 1376 si
292 1318 411 1397 sinpali
438 1316 713 1395 annpelistaram
744 1315 895 1395 adjuncta
927 1317 1075 1396 temporis
1103 1327 1135 1381 et
1165 1319 1228 1383 loci
1260 1321 1329 1387 alia

84 1403 209 1464 ratione
232 1402 384 1482 indicant,
405 1404 442 1466 in
462 1421 570 1467 eornm
591 1404 812 1466 conciliatione
834 1402 1040 1466 observantor
1061 1423 1109 1486 aa,
1132 1424 1211 1488 qnae
1225 1413 1260 1483 s.
1272 1408 1326 1470 67.

86 1487 171 1551 dicta
193 1496 278 1551 sant.

627 1596 673 1666 ·§.
697 1590 770 1654 104.

447 1726 484 1794 n)
501 1726 531 1780 ln
549 1726 620 1779 libra
639 1702 666 1780 a
682 1724 797 1796 partibus
822 1725 965 1780 nicaensis.

131 1892 137 1901 ·
169 1868 211 1933 In
233 1870 319 1932 bisce
340 1871 499 1951 interpres

174 1956 203 2018 1.
227 1959 260 2018 in
282 1975 394 2035 ponere
417 1957 605 2019 obscuriora
628 1977 644 2020 e
667 1955 868 2030 clarioribus,
893 1955 1039 2034 ombipaa
1060 1975 1077 2018 e
1100 1955 1206 2036 certis,
1230 1961 1328 2025 dnbio

84 2060 100 2102 e
120 2042 293 2122 principiis
312 2045 487 2122 primariis,
500 2053 624 2123 portem
647 2043 721 2105 libri
743 2061 759 2103 e
783 2051 856 2118 tato,
878 2050 973 2103 totam
995 2061 1036 2103 cc
1057 2045 1176 2125 intepro
1199 2051 1327 2110 recela-

82 2128 180 2189 tionis
214 2129 363 2191 tbesaaro
392 2138 503 2208 aperto
536 2132 697 2204 illustrem
728 2145 822 2208 quara
856 2128 886 2189 in
908 2127 944 2189 V.
967 2128 999 2188 Τ.
1030 2132 1181 2193 rationem
1214 2132 1327 2197 habeat

85 2230 224 2276 summae
248 2214 452 2277 doctrinarum
482 2222 621 2295 tempore
645 2214 762 2277 exarati
783 2213 869 2289 libri,
893 2213 932 2274 de
955 2215 1042 2294 cujus
1073 2216 1326 2298 interpretatione

84 2301 196 2380 agitur,
220 2319 261 2362 ex
281 2298 407 2380 reliquis
441 2302 564 2382 scriptis
597 2301 716 2365 biblicis
743 2300 1030 2381 jam-exstantibus
1065 2304 1255 2385 cognitarum
1263 2327 1272 2381 ;
1294 2308 1326 2370 in

82 2383 176 2446 Ν.·Τ.
201 2393 302 2448 autem
324 2387 443 2469 singula
467 2388 555 2450 effata
570 2386 681 2450 Christi
704 2393 755 2448 aut
769 2385 987 2466 Apostolorum
1010 2384 1099 2450 dubia
1123 2389 1173 2451 vel
1196 2398 1326 2455 contro-

82 2473 296 2553 versaprimc
315 2491 355 2535 ex
376 2474 499 2557 integro
521 2473 599 2536 libro
621 2471 861 2553 interpretando,
880 2471 950 2533 dein
973 2491 1014 2535 ex
1036 2473 1178 2537 amnibus
1201 2479 1325 2558 scriptis

83 2556 217 2636 biblicis,
240 2564 272 2621 et
294 2556 428 2640 denique
451 2579 492 2622 ex
523 2560 668 2623 universa
702 2558 839 2620 doctrina
872 2556 1052 2637 christiana,
1083 2568 1233 2641 quatenus
1263 2571 1326 2627 tum

83 2642 112 2704 in
136 2644 348 2727 ascriptum,
371 2652 434 2708 tum
456 2647 487 2708 in
510 2645 661 2729 constanti
683 2645 847 2708 traditione
870 2644 1053 2725 continetur,
1076 2653 1108 2708 ct
1130 2647 1168 2709 ab
1191 2651 1326 2715 ecclesia

82 2728 235 2792 catholica
258 2730 341 2793 clare
364 2733 552 2815 proponitur,
577 2731 731 2810 dilucidet,
755 2730 915 2812 compleat,
939 2736 970 2794 at
991 2748 1116 2795 sensum
1140 2734 1326 2801 catholicum

83 2816 176 2880 modo
200 2822 231 2893 5.
257 2816 305 2879 19.
326 2817 462 2880 indicato
486 2818 664 2901 comprobet
686 2816 892 2898 vindicatque.

168 2902 201 2965 2.
223 2901 263 2965 In
283 2904 428 2968 mediatis
458 2906 584 2968 dicendi
614 2904 782 2985 peneribns
808 2905 913 2984 primo
947 2920 1073 2968 sensnm
1104 2906 1325 2990 immediatam,

83 2987 158 3051 dein
179 2989 349 3053 medianam
371 3000 508 3073 exponat
528 3010 567 3053 oc
584 2989 705 3072 probet.

167 3062 200 3137 3.
213 3070 334 3139 ¹lltrttm
354 3085 387 3140 et
407 3074 441 3139 in
462 3086 610 3159 qnantum
629 3075 774 3143 Christos
795 3083 854 3161 ant·
871 3077 1010 3155 scriptor
1031 3094 1126 3140 sacer
1143 3079 1325 3159 formaliter

82 3178 116 3223 se
146 3162 230 3223 aliis·
252 3158 554 3241 accommodaverit,
590 3158 666 3225 dota
700 3163 867 3224 occasione
901 3160 1031 3236 doceam
1062 3166 1097 3226 in
1117 3167 1199 3228 ciris
1221 3176 1325 3231 antem

79 3246 252 3327 inspiratis
285 3245 602 3313 accommodationem
634 3248 828 3311 maternalem
858 3266 1016 3331 nunqnam
1040 3251 1142 3313 meam
1164 3251 1325 3333 babuisse,

79 3332 262 3410 memma
301 3343 427 3414 tenens,
467 3337 653 3399 necessitate
693 3343 824 3415 arpenta
856 3344 1030 3399 commenta
1063 3337 1325 3405 adversariorum

83 3420 186 3483 sobrie
206 3419 333 3499 refutet.

115 3632 146 3698 *)
314 3633 445 3687 ioannes:
595 3684 600 3693 ,
976 3635 1073 3688 Lucas:

82 3700 108 3766 2,
127 3700 171 3753 13.
189 3701 233 3753 23
250 3703 374 3771 (primum
391 3703 515 3771 pascba);

82 3768 151 3833 5,1.
170 3766 323 3840 ὅορτῆτῦν
344 3767 466 3826 Tabalati
490 3773 612 3841 (alterum
627 3789 678 3843 pa·
730 3776 756 3839 6,
775 3775 799 3826 1.
818 3770 960 3839 σάββατον
977 3775 1201 3849 dentapbnpmtoe
1214 3779 1324 3845 (sabba-

115 3836 211 3906 scita);
764 3854 817 3897 turn
848 3845 956 3910 primum
986 3853 1048 3913 post
1081 3847 1150 3900 diem
1181 3849 1324 3903 secundum

765 3913 825 3964 fasti
843 3910 987 3979 paschalis]

82 3975 107 4040 b,
125 3977 153 4029 1.
169 3977 252 4043 prim
266 3977 369 4047 cibabo
381 3979 459 4049 (ante
476 3979 571 4034 testum
588 3979 677 4048 pascit
730 3983 756 4045 9,
780 3982 822 4033 tc.
840 3984 922 4051 prima
939 3982 1043 4035 cibatio.

113 4053 254 4112 tertuum

82 4114 108 4177 7,
126 4114 153 4167 2.
172 4049 248 4185 μοιχὲ.
273 4116 322 4169 iter
346 4116 379 4169 sd
402 4115 496 4170 festum
520 4117 677 4172 tabernacu—
730 4121 755 4184 9,
775 4119 816 4170 51.
836 4118 1076 4184 aetatulam
1095 4121 1121 4171 in
1140 4118 1324 4177 domabiariae

118 4182 226 4249 lamnis
382 4196 387 4201 '
765 4197 792 4242 et
810 4189 922 4244 Marthae
939 4188 1079 4241 Bethaniae
1103 4190 1129 4240 in
1147 4188 1253 4243 iudaea.

80 4250 125 4316 to,
143 4252 187 4304 22.
206 4254 256 4306 iter
273 4250 307 4304 ad
324 4252 419 4306 fenum
437 4258 636 4324 encaeniarum
731 4256 775 4320 13,
794 4258 836 4311 22.
855 4259 914 4311 coll.
933 4272 991 4308 cum
1008 4273 1033 4309 v.
1053 4256 1094 4308 31.
1112 4256 1324 4315 tesutttteroso-

766 4327 860 4394 lymam
878 4327 1011 4396 proiectus
1028 4325 1115 4378 denuo
1139 4329 1165 4378 in
1184 4326 1305 4382 Galilaea.

81 4388 127 4452 11,
145 4389 188 4443 51.
207 4390 248 4442 55.
258 4389 319 4445 coli.
336 4407 394 4445 cnm
411 4409 436 4447 v.
457 4394 502 4464 12,
523 4396 547 4450 1.
565 4395 680 4452 ultimum
734 4397 777 4459 17,
795 4396 837 4451 11.
855 4399 903 4449 iter
920 4394 1047 4447 Hierosol.
1070 4411 1118 4464 per
1140 4396 1250 4455 mediam
1272 4400 1323 4453 Sa-

115 4458 166 4512 itcr
184 4458 326 4525 llicrosol.¹
768 4468 872 4516 mariam
891 4473 917 4516 et
940 4462 1093 4532 Gaiilaeam3
1120 4464 1162 4530 18,
1191 4466 1233 4519 31.
1262 4468 1321 4521 coll.

767 4550 826 4586 cum
843 4550 868 4589 v.
887 4533 929 4586 35.
946 4532 990 4600 19,
1008 4533 1050 4587 28.
