2834 4896
414 795 994 910 Praefatio

499 989 669 1069 editionis
716 992 915 1072 secundae.

207 1387 411 1526 perpauca
443 1436 539 1526 sunt,
580 1423 627 1503 de
659 1424 791 1527 quibus
829 1426 942 1503 relate
973 1425 1019 1502 ad
1051 1425 1158 1530 hujus
1190 1426 1329 1504 editio-

85 1544 144 1619 nis
197 1546 372 1621 rationem
411 1554 448 1621 et
485 1543 632 1622 modum
672 1544 893 1622 benevolum
933 1546 1109 1624 factorem
1151 1549 1328 1624 monitum

83 1686 175 1747 ¹esse
191 1662 324 1742 velim.
387 1661 509 1765 Opere
539 1663 611 1741 hoc
642 1676 726 1743 ante
766 1663 949 1741 biennium
981 1664 1078 1742 edito
1104 1665 1180 1767 jam
1210 1667 1246 1742 in
1277 1690 1328 1742 eo

86 1806 199 1882 eram,
231 1793 272 1860 ut
301 1782 604 1861 introductionem
635 1786 671 1861 in
703 1781 747 1861 N.
769 1781 811 1861 T.
843 1782 955 1861 libros
986 1788 1081 1885 typis
1112 1786 1326 1885 exprimen-

87 1900 169 1978 dam
199 1926 433 2003 appararem,
465 1913 521 1980 ast
552 1901 858 1981 hermeneuticam
889 1927 1006 1980 meam
1037 1913 1170 1980 attenta
1201 1913 1327 1981 mente

87 2019 208 2098 denuo
253 2021 453 2123 perlegens
492 2045 576 2098 mox
617 2021 866 2123 animadverti,
909 2046 1003 2122 eam,
1044 2046 1140 2125 quae
1179 2024 1326 2100 nefasto

85 2150 250 2242 tempore
281 2139 425 2219 fabente
457 2140 577 2218 lucem
607 2145 809 2244 conspexit,
834 2142 953 2218 multis
978 2165 1052 2218 non
1081 2152 1219 2219 tantum
1248 2145 1326 2244 typi

86 2259 271 2338 erroribus
311 2284 398 2338 esse
437 2259 668 2338 defoedatam
695 2258 753 2362 a),
792 2260 860 2339 sed
900 2261 977 2338 aliis
1017 2285 1164 2366 quoque
1206 2263 1325 2364 iisque

85 2379 284 2457 manifestis
328 2378 495 2457 laborare
525 2380 744 2482 defectibus,
786 2382 848 2482 qui
879 2381 1021 2457 facilius
1052 2384 1088 2457 in
1120 2379 1219 2458 libris
1250 2383 1326 2457 im·-

85 2502 236 2600 pressis,
278 2523 384 2601 quam
414 2503 451 2576 in
481 2503 734 2602 manuscriptis
774 2499 1029 2601 observantur,
1061 2503 1165 2577 etin
1196 2503 1352 2602 specie·

85 2617 186 2720 plura
218 2617 410 2696 obscurius
442 2618 549 2720 dicta,
591 2620 762 2696 nonnulla
793 2621 911 2696 minus
942 2629 1025 2720 apte
1057 2619 1230 2721 disposita
1261 2621 1326 2696 in·

84 2740 215 2838 veniri,
246 2738 313 2816 alia
345 2739 452 2841 plane
483 2741 617 2817 omissa
649 2737 861 2816 desiderari.
905 2737 1108 2815 Praeterea.
1132 2741 1201 2815 viri
1232 2762 1326 2825 erue

86 2855 148 2933 diti
187 2868 225 2934 et
255 2855 448 2958 benevoli,
493 2868 602 2960 prout
647 2856 814 2959 optabam
846 2868 883 2935 et
913 2882 1155 2960 rogaveram,
1196 2860 1326 2960 partim

47 3036 52 3045 .
84 2987 272 3077 oretenus,
316 2981 444 3081 partim
475 2977 587 3056 literis
605 2976 703 3054 mint
741 2976 1015 3054 manifestarunt
1045 2976 1227 3054 desideria
1257 3000 1326 3055 sna

84 3105 124 3173 et
154 3095 329 3197 consilia,
371 3109 527 3198 quorum
568 3106 674 3198 grato
716 3099 834 3174 animo
874 3099 1054 3175 rationem
1095 3094 1255 3197 habere,
1287 3104 1327 3174 et

1 3257 3 3266 ,
83 3240 192 3318 quae,
224 3218 260 3293 in
291 3227 463 3320 quantum
493 3214 572 3293 fieri
603 3226 743 3318 posset,
774 3217 810 3292 in
841 3238 931 3293 usus
967 3238 1070 3293 meos
1101 3225 1323 3293 convertere

84 3334 250 3415 decebat.
292 3334 414 3427 Quare
445 3337 547 3437 operi
579 3345 711 3437 coepto
733 3358 876 3412 manum
907 3337 1167 3437 corrigentem,
1188 3337 1327 3411 immu-

83 3465 218 3533 tantem
248 3465 287 3532 et
316 3454 512 3533 addentem
543 3453 665 3532 denuo
697 3453 960 3532 admovendam
1002 3443 1088 3532 esse
1119 3453 1217 3555 duxi,
1250 3457 1325 3557 quo

83 3573 218 3651 factum
249 3583 319 3673 est,
339 3583 379 3650 ut
404 3573 515 3651 salvis
543 3573 632 3651 iicet
661 3576 844 3676 principiis
875 3576 1066 3675 primariis,
1087 3573 1188 3651 nulia.
1216 3565 1324 3674 piane

83 3696 217 3796 pagina
249 3693 406 3795 priorem
437 3717 538 3770 suam
570 3695 744 3771 retineret
774 3693 917 3772 faciem.
968 3690 1049 3771 Hac
1079 3697 1219 3771 ratione
1245 3693 1322 3797 jam

112 3921 145 3994 ⁴*)
169 3920 472 4063 dalde2¹d⁰'⁹b’·;·n⁰n
502 3922 629 4062 pbstanpe
653 3919 834 4019 ,correctione
861 3920 1021 4062 pfarupqpp
1042 3926 1138 4062 quatsp
1157 3916 1275 4062 ¹repetita
1298 3919 1326 3975 in

96 4094 102 4131 .-
171 4023 388 4148 tufts:
402 4023 465 4148 'tt
487 4024 660 4166 {iiiiii
686 4022 1115 4165 :tttttttttttttt
1138 4021 1325 4163 ,iiiiii

170 4183 309 4233 auctorem
332 4178 497 4234 necessitate
519 4185 644 4233 coactum
663 4176 742 4233 simul
765 4175 850 4231 fuisse
873 4183 1072 4250 correctorem,
1085 4177 1161 4246 cujus
1181 4176 1324 4232 oculorum
1358 4204 1363 4210 ·

170 4263 255 4319 aciem
271 4265 326 4319 hoc
342 4263 402 4336 ipso
425 4263 564 4335 nonnulla,
579 4263 660 4334 idque
676 4277 710 4319 eo
734 4261 839 4317 facilius
862 4259 978 4335 fugiunt,
991 4261 1016 4317 si
1038 4260 1097 4317 aliis
1120 4261 1240 4332 nogotiis
1262 4260 1325 4315 dis-

170 4355 274 4405 tractus
291 4362 345 4404 non
368 4365 477 4420 semper
499 4347 617 4404 debitam
640 4347 817 4405 attentionem
831 4345 859 4402 in
877 4346 948 4403 bunc
962 4347 1084 4405 faborem
1106 4345 1326 4405 molestissimum

172 4431 330 4507 impendere
351 4431 454 4505 potest.
