2834 4896
503 375 540 436 Α.
564 377 693 457 loqicus,
725 381 756 437 el
779 373 900 456 quidem

656 588 684 656 s.
708 579 758 643 58.

615 733 634 784 l
651 736 801 800 proximus„

172 896 319 968 Primum,
351 897 394 958 od
418 896 502 975 qnod
533 897 697 975 interpreti
718 898 751 957 in
773 914 834 957 usu
855 901 1020 955 contentus
1038 891 1138 973 probe
1160 896 1322 957 otmnden-

85 984 167 1060 dam,
190 992 264 1044 sunt
285 981 427 1061 sinqulne
447 983 693 1061 propositiones,
716 983 783 1043 sioe
805 982 970 1043 solitariae
993 980 1146 1056 sintriae
1170 984 1323 1043 orationis

85 1070 250 1148 amplioris
279 1077 389 1149 portes
424 1069 624 1130 constituant.
678 1068 918 1148 Propositiones
958 1084 1034 1127 aero
1071 1072 1103 1126 et
1132 1068 1225 1146 ipsae
1260 1071 1325 1129 suis

84 1154 230 1217 membris
252 1162 407 1231 constant,
426 1172 506 1235 quae
530 1153 574 1214 nd
594 1155 713 1215 e'ertnm
734 1172 861 1215 sensum
884 1153 1120 1232 exprimendum
1143 1163 1326 1234 conprobat,

82 1240 274 1321 proindeque
297 1241 330 1301 in
353 1259 391 1303 eo
413 1241 565 1301 relatione
589 1249 695 1301 mutuo
714 1242 821 1319 posito
843 1247 925 1315 sont,
945 1246 981 1299 ut
1002 1256 1036 1299 se
1058 1239 1193 1300 inuicem
1215 1259 1325 1303 neces-

84 1328 174 1388 sario
197 1327 362 1389 illustrent.
407 1325 486 1388 Sunt
506 1345 582 1388 oero
611 1326 752 1388 membro
773 1326 870 1387 boec:
897 1324 1079 1403 subjectam,
1106 1325 1327 1405 praedicatum

84 1432 150 1475 uno
171 1430 242 1474 cnm
275 1412 390 1494 copula
411 1414 478 1474 sioe
502 1413 616 1474 latente
638 1416 704 1474 siae
732 1430 894 1492 expresso,
926 1418 958 1472 et
977 1410 1203 1491 appositiones.
1250 1411 1326 1474 ilinc

87 1507 161 1561 ante
184 1499 290 1559 omnia

175 1584 203 1645 1.
226 1583 409 1663 conferatur
430 1582 601 1661 subjectam
616 1602 685 1645 cnm
701 1585 897 1665 praedicato,
911 1600 1007 1663 eoque
1029 1582 1221 1661 siqnificatio
1235 1583 1328 1645 name

88 1671 157 1731 siae
177 1671 329 1755 proprio,
353 1672 420 1732 sine
450 1673 573 1749 tropica
595 1688 616 1731 o
639 1671 780 1752 loquente
811 1673 930 1731 intento
957 1677 1132 1745 censeatur,
1155 1687 1237 1749 quoe
1260 1689 1327 1730 cum

85 1762 212 1817 notione
245 1756 345 1819 altero
380 1755 515 1817 membro
548 1757 636 1818 olore
672 1775 827 1837 expresso
853 1756 1011 1817 consentit
1016 1776 1031 1828 ,·
1057 1756 1169 1815 etenim
1191 1754 1329 1818 dubitari

84 1841 202 1920 nequit,
225 1843 300 1921 quin
324 1844 452 1923 loquens
474 1852 572 1904 mente
596 1861 696 1904 sonus
717 1842 859 1921 subjecto
882 1859 951 1902 eom
974 1840 1118 1902 tribuerit
1138 1842 1213 1917 aim,
1236 1860 1326 1922 quom

83 1927 269 2007 praedicato
302 1930 467 1990 convenire
501 1931 612 2003 scivit,
636 1938 667 1990 et
686 1930 754 1990 oice
785 1946 898 2000 oerso;
928 1944 957 1986 v.
981 1946 1010 2008 g.
1043 1926 1093 1988 itt.
1116 1925 1147 2003 5,
1172 1924 1225 1989 13.
1247 1925 1328 2006 ὑμεῖς

89 2016 155 2073 ἐστε
176 2009 211 2073 ai
234 2005 309 2083 ἅλας
331 2018 385 2092 τῆς
406 2017 477 2094 γῆς;
500 2032 528 2074 ν.
554 2013 602 2079 14.
626 2014 705 2092 ὑμεῖς
727 2017 792 2073 ioue
814 2011 849 2072 ab
873 2016 938 2088 φώς
959 2017 1013 2072 roi
1036 2011 1160 2090 κόσμου.

172 2096 312 2178 Subiecti
334 2098 521 2161 vocobulum
539 2109 708 2180 praetereo
730 2101 828 2176 docet,
850 2119 925 2160 num
947 2099 1033 2160 adsit
1050 2099 1231 2178 propositio
1253 2098 1328 2160 uai-

87 2183 234 2260 oersolis,
254 2186 463 2265 particularis
485 2204 528 2247 on
549 2187 720 2265 sinquloris
730 2206 744 2259 ,·
763 2186 982 2266 praedicatum
1004 2202 1080 2246 oero
1102 2185 1234 2262 indicat,
1258 2203 1331 2246 num

87 2271 243 2331 sententio
273 2270 364 2331 dubie
395 2279 548 2351 concepto
579 2274 638 2350 sit,
662 2291 705 2335 on
726 2273 908 2348 assertoris,
932 2289 975 2332 on
994 2270 1088 2349 pinne
1111 2273 1328 2332 necessitatem

87 2357 153 2418 sios
176 2354 384 2433 subjectivum
407 2357 596 2435 (moralem),
619 2361 686 2421 siae
709 2359 895 2436 objectioom
915 2355 1106 2436 (physicam)
1130 2356 1283 2420 incolant.

81 2494 93 2506 ..
171 2440 201 2503 2.
227 2439 285 2504 Ubi
311 2451 442 2523 praeter
471 2443 644 2522 subjectum
667 2453 697 2506 et
715 2445 933 2525 praedicatum
970 2444 1101 2521 insuper
1132 2443 1218 2504 oliae
1254 2442 1329 2504 dicti

83 2536 194 2607 portes
229 2540 416 2606 occurrunt,
445 2539 482 2591 nt
511 2548 608 2591 casus
642 2530 778 2612 obliqui,
813 2530 989 2608 adjectivo,
1022 2528 1175 2590 odoerbia
1198 2537 1230 2590 et
1250 2546 1328 2609 quoe

86 2631 194 2675 eornm
216 2615 283 2674 aice
303 2613 497 2694 snnquntnr:
512 2616 583 2677 inde
603 2615 732 2695 felicius
754 2615 856 2678 odltnc
880 2615 1030 2694 coqnosci
1047 2623 1161 2694 potest,
1173 2633 1328 2695 quaenam

86 2700 218 2760 termino
241 2701 346 2763 calais
377 2703 410 2762 in
436 2704 652 2781 propositione
675 2702 734 2764 tali
763 2703 951 2781 siqniqicatio
974 2700 1181 2779 subjicienda,
1205 2711 1236 2763 et
1257 2703 1328 2782 qui-

87 2784 147 2846 bus
170 2785 320 2847 limitibus
342 2789 538 2867 sinqularnm
559 2807 670 2850 accam
692 2808 731 2850 ac
753 2790 848 2851 totins
880 2789 1053 2849 sententiae
1080 2796 1226 2868 potestas
1248 2806 1328 2849 con-

86 2871 271 2950 strinqendo
292 2874 336 2933 sit
342 2893 356 2945 ;
377 2891 447 2934 nam
470 2872 619 2954 ejusmodi
655 2875 877 2955 oppositionum
900 2891 962 2935 non
986 2873 1061 2934 alius
1085 2879 1133 2934 est
1155 2871 1236 2952 finis,
1270 2870 1329 2936 nisi

86 2962 120 3016 ut
141 2954 221 3018 hanc
242 2957 292 3019 vel
317 2957 396 3019 illam
419 2959 576 3022 notionem
600 2960 771 3023 accuratius
795 2960 1006 3022 determinent.
1031 2959 1063 3023 si
1084 2958 1187 3039 itaque

171 3047 212 3118 o)
235 3062 333 3105 corus
355 3044 499 3125 obliquos
528 3046 693 3126 adpositos
724 3049 942 3127 respiciamus,
973 3041 1120 3124 πλήρωμα
1154 3043 1274 3107 Coloss.
1297 3044 1328 3121 2,

89 3124 120 3188 9.
152 3128 272 3207 qualem
307 3129 525 3210 plenitudinem
567 3131 735 3214 significet,
775 3132 888 3194 indicat
929 3129 1048 3193 additus
1090 3131 1244 3276 qenitivus
1278 3134 1329 3209 τῆς

86 3210 251 3292 θεότητος
272 3213 324 3276 Mt.
347 3216 377 3294 5,
401 3215 431 3278 3.
454 3217 505 3279 ubi
527 3235 630 3279 sermo
654 3224 702 3279 est
725 3216 763 3280 de
786 3228 926 3299 πτωχοῖς,
950 3234 1012 3278 non
1033 3216 1162 3298 inteligi
1192 3234 1329 3298 pauper·

87 3303 179 3360 tatem
202 3307 371 3379 externam,
394 3302 450 3364 sed
474 3302 635 3383 quemdam
658 3303 748 3366 animi
770 3310 890 3382 statum,
925 3303 1017 3365 docet
1047 3302 1185 3364 adnexus
1209 3301 1328 3364 dativus

86 3386 129 3459 τῷ
152 3381 304 3462 πνεύματι.
327 3387 428 3450 Verba
450 3406 476 3450 s.
499 3389 582 3451 Pauli
599 3387 685 3453 Rom.
710 3387 739 3468 1,
763 3387 792 3453 3.
816 3389 855 3452 de
874 3389 995 3452 Cbn'sto
1017 3386 1152 3469 prolata:
1176 3386 1329 3468 γενομένου

63 3471 120 3528 ,ἐκ
161 3471 331 3549 σπέρματος
369 3475 469 3535 Anaid
507 3475 544 3537 ad
581 3473 741 3536 humanam
784 3475 893 3538 Christi
934 3480 1072 3536 naturam
1113 3472 1329 3556 restringenda

86 3572 169 3632 esse,
192 3555 365 3619 manifestat
385 3559 556 3640 adpositum
590 3553 798 3640 κανάσάρνα.
822 3561 1020 3625 —Similem
1051 3578 1138 3622 usum
1172 3563 1331 3640 praestant

174 3641 211 3716 b)
234 3643 391 3720 adjectivo
412 3655 468 3709 out
486 3647 667 3726 participio,
689 3646 745 3708 ubi
765 3647 917 3725 adjuncto
937 3648 1143 3710 inueniunter.
1174 3645 1225 3708 Sic
1248 3664 1276 3706 v.
1299 3664 1328 3727 g.

86 3725 195 3789 loann.
222 3727 250 3804 l,
276 3727 325 3791 18.
354 3746 464 3792 vocem
486 3732 548 3802 υἱός
577 3732 661 3807 (scil.
683 3737 776 3808 θεοῦ)
801 3750 863 3795 non
896 3732 1033 3814 vulgari,
1068 3731 1125 3793 sed
1147 3731 1329 3808 sublimiori,

86 3813 211 3893 proprio
233 3812 407 3895 significatu
430 3817 637 3897 accipiendam
661 3835 743 3896 esse,
763 3817 856 3880 docet
877 3819 1011 3881 additum
1032 3812 1198 3896 μονογενής.
1222 3816 1330 3880 Voca-

86 3897 188 3959 bulum
211 3900 346 3959 mlondo
366 3901 439 3964 Luc.
464 3903 495 3982 5,
512 3903 562 3967 29.
586 3921 648 3965 non
669 3903 859 3984 publicanos,
883 3905 939 3968 sed
962 3904 1127 3986 portitores
1151 3902 1330 3984 designare,

87 4000 246 4047 monemur
267 3985 369 4049 addito
393 3980 482 4069 ὄχλος
503 3982 605 4060 πολύς.
626 3989 677 4052 Mt.
704 3988 754 4068 13,
777 3991 828 4054 52.
850 4010 907 4072 per
928 3986 1115 4070 γραμματεύς
1137 4005 1200 4051 non
1218 3988 1327 4068 judai-

88 4086 157 4130 cum
178 4069 398 4153 legisperitum,
421 4075 477 4138 sed
500 4077 660 4139 doctorem
684 4075 879 4139 christianum
902 4075 1078 4159 significari,
1109 4073 1246 4137 ostendit
1270 4074 1329 4136 ad-

87 4153 147 4215 dila
170 4153 317 4221 formula:
340 4162 544 4240 μαθητευθεὶς
565 4164 603 4243 τῇ
624 4162 763 4243 βασιλείᾳ
784 4167 843 4221 rain
866 4158 1009 4240 οὐρανῶν.
1031 4161 1052 4224 Ι.
1075 4160 1139 4222 Tim
1161 4159 1194 4237 4,
1210 4159 1242 4222 8.
1266 4178 1329 4223 no-

86 4239 199 4303 tionem
244 4244 424 4309 substantivi
466 4249 611 4328 ynnonoln
649 4245 831 4326 adjectivum
871 4241 1026 4327 σωματικὴ
1063 4246 1101 4309 ad
1146 4251 1262 4308 certam
1298 4252 1329 4308 et

88 4323 317 4390 determinatam
340 4333 594 4397 exercitationum
617 4331 753 4413 speciem
776 4333 944 4415 restringit.
967 4327 1114 4395 —Idem
1137 4331 1220 4394 valet

172 4417 208 4487 c)
231 4415 268 4475 de
291 4419 460 4497 odaerbiis,
483 4440 562 4502 quoe
582 4419 768 4499 praedicato
790 4420 922 4500 odjunqi
944 4420 1053 4483 solent.
1107 4417 1157 4480 Sic
1178 4418 1210 4478 in
1234 4415 1328 4478 eliato

87 4495 197 4561 Christi
219 4498 327 4563 loann.
352 4506 382 4581 6,
407 4506 457 4569 56.
505 4505 605 4584 ,Caro
628 4524 696 4567 mea
730 4523 805 4567 vere
835 4512 883 4567 est
913 4506 1010 4579 cibus,
1034 4511 1064 4565 et
1087 4504 1212 4585 sanguis
1238 4521 1325 4564 meas
