2834 4896
110 171 157 259 34

110 363 180 427 snm
201 344 353 407 ecclcsiae
375 341 545 405 intellectis
567 341 680 420 dopna
701 340 860 419 meddam
880 339 931 402 oet
952 339 1128 401 immediate
1149 339 1353 403 scheer-tere·

111 422 175 505 tur,
194 430 246 492 cel
267 429 378 492 saltem
399 428 592 507 ornamentis
614 445 653 488 ac
673 426 789 505 fulcris
812 427 882 488 suis
902 427 1096 504 privaretur.
1119 425 1170 488 Sic
1193 445 1222 487 v.
1234 446 1265 507 g.
1284 426 1352 489 loca

110 517 220 579 loann.
246 515 296 593 14,
318 515 369 579 28.
392 513 486 576 Marci
511 511 561 589 13,
586 510 638 575 32.
672 512 712 575 ad
733 511 814 573 illam
847 529 983 573 normam
1015 511 1240 590 interpretanda
1272 520 1352 589 sunt,

133 603 182 665 nia
213 600 272 663 illis
304 619 464 682 perperam
496 597 660 661 intellectis
692 597 804 680 dogma
828 597 981 659 ecclesiae
1005 596 1043 658 de
1066 596 1167 659 divina
1190 604 1300 660 nutura
1323 599 1353 661 in

111 623 187 752 iesu
210 687 329 749 Christo
353 705 422 749 cum
455 685 586 747 humana
620 684 784 765 conjuncta
812 683 1044 764 periclitaretur.
1090 682 1123 746 Si
1143 684 1195 746 illa
1218 700 1243 746 s.
1267 684 1354 747 Scri-

112 781 220 856 pturae
252 773 337 846 loca,
369 773 421 835 ubi
442 771 592 834 unanimis
623 788 665 834 ss.
688 769 809 831 Patrum
839 787 1010 832 consensus
1033 770 1191 847 vatianus,
1216 771 1355 850 symbola

113 867 165 931 aut
195 867 285 941 typos
320 858 490 920 messianos
523 856 677 935 contineri
705 856 828 931 statuit,
862 861 970 917 contm
1003 873 1138 917 normam
1174 856 1354 918 catholicam

113 952 358 1029 exponerentur,
391 943 550 1006 doctrinae
585 941 735 1023 quaedam
766 941 968 1019 christianae,
1001 941 1074 1003 licet
1095 960 1157 1004 non
1179 943 1356 1005 immediate

113 1032 380 1108 subverterentur,
415 1037 517 1093 tamen
548 1026 751 1093 fundamentis
783 1031 850 1092 suis
881 1047 918 1090 ac
948 1025 1053 1091 fulcris
1088 1029 1291 1109 privarentur.
1315 1064 1355 1074 -

115 1118 286 1183 Concilium
306 1134 400 1198 porro
979 1148 987 1158 ,

200 1202 238 1277 C)
260 1206 421 1265 rationem
446 1201 567 1278 reddit,
601 1220 659 1264 aar
689 1219 754 1262 non
776 1201 871 1262 liceat
900 1201 934 1261 ira
962 1199 1057 1262 rehus
1087 1203 1163 1280 fidei
1184 1210 1357 1263 otmarum

113 1286 369 1353 durissimorum
391 1309 416 1351 s.
438 1286 633 1366 Scriptorum
661 1296 774 1349 canna
799 1305 924 1348 sensum
958 1288 1112 1349 ecclesiae
1143 1291 1356 1367 interpretari,

114 1383 144 1439 et
168 1375 291 1456 quidem
312 1374 434 1437 verbis:
460 1372 573 1454 ,Cujus
597 1373 784 1449 (ecclesiae)
809 1379 856 1434 est
884 1371 1023 1452 judicare
1047 1373 1085 1434 de
1108 1392 1183 1436 vero
1208 1392 1305 1436 sensu
1327 1380 1358 1436 et

113 1462 366 1543 interpretatione
389 1460 612 1542 scripturarum
634 1454 835 1521 sanctarum.“
884 1459 999 1520 tticitur
1021 1477 1095 1521 vero
1120 1460 1254 1523 ecclesia

200 1553 237 1621 a)
253 1549 403 1625 judicare
421 1548 457 1608 de
480 1565 555 1608 aero
578 1564 674 1607 sensu
695 1554 726 1606 et
747 1547 1006 1623 interpretatione
1023 1566 1048 1608 Si
1061 1546 1246 1626 Scripturas
1260 1555 1355 1621 inan:

115 1652 183 1697 eam
206 1633 426 1713 interpretari),
450 1634 525 1712 quia
558 1633 724 1694 occasione
748 1632 825 1693 datd
846 1631 899 1691 ret
930 1634 1117 1694 necessitate
1139 1643 1272 1714 arpenta
1295 1652 1358 1694 non

113 1736 172 1800 ope
203 1718 418 1781 subsidiorum
451 1721 752 1780 hermenaatiaorum
773 1736 899 1778 sensum
920 1719 1116 1796 simpiniacum
1140 1722 1281 1781 locorum
1304 1722 1357 1780 ia-

113 1807 270 1885 nestipara
300 1809 435 1885 primum
463 1814 616 1878 conatur;
647 1805 705 1866 sed
726 1822 790 1883 pua
818 1803 999 1865 authentica
1030 1806 1184 1884 interpres
1214 1808 1358 1867 unanimi

114 1911 158 1954 ss.
182 1891 311 1953 Patram
344 1893 520 1953 testimonio
554 1892 633 1951 niara
663 1890 822 1971 probeque
852 1898 978 1965 tenens,
1011 1893 1097 1969 qaod
1116 1891 1252 1971 edique,
1277 1892 1360 1972 quod

114 1996 256 2058 semper,
279 1977 363 2058 qaod
384 1978 424 2039 ah
457 1976 601 2037 omnihus
630 1976 784 2037 creditam
806 1985 869 2050 est,
902 1979 1088 2038 sententiam
1117 1979 1197 2056 fert,
1232 1981 1359 2057 quinam

114 2083 228 2127 sensus
251 2073 306 2126 aar
328 2081 482 2142 quaenam
502 2063 719 2140 interpretatio
744 2080 812 2123 oum
835 2063 982 2123 doctrina
1003 2064 1182 2141 apostolica
1202 2065 1256 2127 cet
1278 2083 1359 2126 acn-

114 2152 233 2225 eeniat,
254 2149 306 2210 ael
326 2149 366 2209 ab
390 2168 429 2210 ea
452 2148 602 2226 discerpat.
647 2145 782 2209 Caecilii
803 2146 917 2209 Patres
939 2156 1042 2209 autem

202 2235 235 2309 h)
252 2237 310 2313 jus
333 2234 391 2295 hoc
415 2233 567 2295 ecclesiae
590 2233 803 2309 uindicarant,
827 2236 901 2312 qaia
923 2235 1004 2312 ipsis
1026 2236 1139 2310 inerat,
1162 2245 1193 2297 et
1215 2236 1360 2297 omnihus

116 2317 290 2383 Catholicis
313 2338 436 2399 semper
457 2321 540 2381 inest
568 2320 754 2396 firmissima
780 2322 958 2398 persuasio,
994 2321 1160 2383 ecclesiam
1181 2340 1203 2383 a
1223 2321 1359 2384 Domino

115 2425 185 2469 csse
215 2407 417 2469 constitutam
448 2406 608 2468 custodem
636 2407 790 2484 penninas
823 2405 928 2484 ipsium
961 2406 1141 2481 doetrinae,
1177 2427 1256 2486 quae
1285 2409 1360 2469 talis

115 2494 302 2555 conseruari
323 2512 387 2555 non
406 2502 526 2572 posset,
549 2493 613 2553 nisi
640 2493 821 2570 mapisterio
844 2492 915 2568 eius
945 2499 1135 2570 coemeterii
1150 2496 1219 2571 jus,
1244 2498 1308 2554 imo
1331 2502 1361 2555 et

116 2576 253 2658 officium
275 2580 460 2640 sententiam
479 2577 604 2656 ferendi
619 2579 656 2639 de
679 2596 775 2638 sensu
791 2587 821 2639 at
842 2580 1098 2657 interpretatione
1115 2598 1140 2640 s.
1154 2578 1361 2658 Scripturae;

116 2674 185 2726 crat
217 2664 284 2725 iltis
313 2666 610 2743 persuasissimum,
644 2665 737 2724 istam
769 2664 924 2725 ecclesiae
947 2664 985 2724 da
1008 2681 1104 2725 sensa
1126 2684 1152 2726 s
1175 2664 1360 2745 Scripturas

117 2750 357 2813 declarationem
388 2769 458 2812 esse
492 2751 779 2829 interpretationem
814 2749 1042 2826 authenticam,
1073 2760 1105 2812 et
1133 2751 1204 2812 ideo
1240 2771 1362 2813 amiram

119 2838 314 2899 contrariam
347 2855 514 2899 sacrarum
539 2837 702 2898 literarum
734 2837 961 2916 inpositionem
984 2854 1055 2898 esse
1075 2836 1195 2915 suham
1215 2836 1262 2912 *).
1298 2837 1360 2899 Ci.

117 2921 198 2984 dicta
222 2927 252 2996 §.
278 2921 327 2985 18.
351 2958 392 2969 -
417 2921 593 2984 Concilium
615 2922 747 3002 denique

203 3007 249 3084 D)
272 3008 407 3087 Scopam
438 3009 533 3086 hujus
564 3008 682 3068 decreti
714 3008 905 3086 sipnitioaait
933 3005 1058 3071 dicens:
1093 3007 1161 3085 ,Ad
1184 3009 1360 3071 coercenda

116 3093 283 3177 petulantia
316 3095 504 3176 ingenia-
528 3100 561 3154 ut
590 3110 680 3154 namo
710 3111 785 3156 suae
819 3093 1000 3174 prudentiae
1030 3093 1154 3156 inniuus
1175 3130 1218 3140 -
1240 3113 1361 3158 sacram

138 3263 168 3330 *)
186 3262 320 3315 Plueclare
340 3263 401 3313 dicit
419 3262 518 3315 lldhler
536 3265 562 3315 in
582 3278 675 3329 opere:
695 3261 829 3328 Symbolik
847 3279 872 3330 p.
890 3262 950 3315 ³84.
963 3263 1022 3316 385.
1042 3263 1236 3328 ηΕἰιιιιῑίὶιοίιιι,
1256 3264 1362 3317 welche

183 3330 264 3397 jeden
293 3330 469 3400 ermtichtigte,
494 3347 549 3383 was
573 3333 663 3382 immer
682 3333 707 3383 in
735 3331 782 3383 der
801 3331 895 3383 Schriit
918 3348 950 3383 zu
969 3332 1065 3397 finden,
1085 3332 1153 3385 olme
1172 3334 1264 3401 irgend
1284 3336 1361 3386 einen

186 3399 261 3451 and
280 3400 321 3450 lltr
338 3399 499 3451 unkirchllclr
518 3416 550 3450 nu
568 3399 698 3465 eritliren,
717 3400 827 3466 sprdche
845 3416 897 3452 von
916 3401 972 3452 sicli
990 3418 1045 3464 aus,
1071 3401 1130 3452 dass
1154 3404 1192 3453 sie
1209 3418 1258 3521 par
1276 3402 1361 3454 niclrts

186 3467 292 3587 Blauhe,
311 3469 363 3519 und
382 3484 430 3537 gar
455 3469 551 3521 heines·
564 3467 676 3521 lhhaltes
695 3468 750 3520 sich
778 3469 906 3532 efflante-3
934 3469 1002 3520 denn
1028 3469 1075 3522 der
1100 3470 1190 3521 blosse
1231 3474 1296 3522 esitz
1315 3471 1362 3522 der

208 3536 260 3588 ibal
279 3537 364 3589 macht
381 3537 452 3590 noch
469 3538 548 3590 heina
566 3537 670 3601 llirche,
687 3553 717 3589 sn
735 3541 825 3606 wanig
838 3539 945 3604 J'amnnd
962 3539 1044 3589 durch
1062 3539 1113 3590 den
1128 3539 1214 3590 Besitn
1233 3540 1282 3591 dar
1298 3556 1362 3592 uer-

187 3605 433 3675 nantugennntage
450 3607 533 3659 sehon
551 3606 671 3659 wirttich
689 3607 886 3676 vemdnltigirt
904 3637 938 3647 -
956 3637 991 3647 -
1008 3608 1093 3660 Wenn
1112 3608 1175 3661 abar
1186 3611 1246 3661 eine
1258 3609 1362 3673 llirolie,

187 3674 230 3725 dia
249 3690 295 3725 aus
314 3675 398 3725 einem
407 3674 518 3727 Vereins
536 3691 589 3729 von
608 3676 694 3728 viclen
707 3676 860 3729 Indiuiduen
877 3675 989 3737 besteht,
1009 3678 1094 3729 cinem
1108 3677 1198 3742 jedem
1210 3677 1363 3745 Anhtingcr,

188 3741 226 3794 als
253 3741 385 3805 salchem,
413 3752 562 3811 genuitate,
582 3744 650 3797 nach
674 3744 845 3799 Gutbelinden
873 3747 949 3797 einen
969 3743 1154 3797 Glaulienssatz
1182 3746 1362 3798 annunehmen

189 3810 254 3863 oder
272 3827 305 3862 ιιι
331 3812 493 3865 verwerlen:
518 3830 548 3866 so
573 3814 695 3867 enthielte
719 3818 757 3868 sie
782 3817 807 3866 iu
835 3812 890 3866 sich
905 3813 986 3878 jenen
1004 3813 1199 3881 Wid'erspmrh,
1217 3815 1271 3867 und
1288 3821 1363 3868 wira

188 3880 235 3931 das
254 3879 295 3931 tur
313 3879 355 3933 dis
374 3890 652 3951 entgageugetntesteu
668 3884 812 3936 Msichten
829 3883 1000 3947 indiderente,
1029 3883 1230 3952 glandenslaere
1249 3884 1364 3953 lindtnp,

188 3948 234 4001 das
253 3965 313 4000 man
331 3959 516 4020 unscrtwegen
534 3955 584 4007 min
596 3954 647 4005 den
665 3953 808 4006 sahdnstcn
824 3953 976 4005 liridicnten
1000 3952 1124 4005 heahrem
1135 3953 1200 4016 duri,
1225 3969 1274 4004 nur
1293 3955 1370 4006 niem

187 4017 280 4070 llirche
299 4034 404 4071 uennen
422 4020 479 4073 soll.
514 4022 562 4075 Dia
581 4022 673 4075 lsrrchc
693 4023 800 4075 soll-itti
819 4022 864 4075 das
883 4021 964 4075 Reialr
986 4022 1075 4073 Gottes
1095 4021 1229 4084 ernieheu,
1245 4023 1366 4075 welches

188 4087 235 4139 aui
250 4087 414 4141 bestimmten
432 4088 593 4143 Thatsaclten
612 4090 665 4142 und
682 4090 849 4143 Wahrhciteu
873 4089 974 4153 lierirht,
994 4091 1035 4141 die
1056 4092 1107 4141 ewi
1145 4091 1365 4143 unvertind'erlich

188 4156 259 4220 sind;
287 4159 347 4210 eine
365 4158 459 4210 llirclre
476 4158 547 4223 atra»,
572 4160 614 4212 dic
633 4160 711 4211 heina
738 4159 829 4211 solclte
851 4158 1084 4210 unveranderttche
1103 4107 1253 4210 lhotarium
1272 4160 1365 4221 kannt,

188 4225 288 4346 {deicht
303 4229 389 4279 einem
407 4227 512 4293 Lehrer,
531 4228 577 4279 der
594 4228 666 4279 nicht
683 4234 790 4290 wdraea,
815 4244 879 4279 was·
897 4242 926 4277 er
944 4225 1033 4279 lehren
1058 4227 1120 4290 soll-3
1139 4228 1182 4278 dle
1201 4228 1296 4282 llirelre
1314 4230 1365 4281 soll

211 4294 317 4348 hristum
341 4298 367 4347 in
392 4296 439 4348 der
455 4296 617 4349 llensahheit
638 4311 671 4347 au
703 4302 798 4362 ripen,
823 4296 908 4347 dieser
931 4298 964 4345 ist
987 4295 1051 4347 ahor
1075 4296 1225 4348 nichubatn
1242 4299 1283 4361 la,
1303 4299 1366 4351 bnld

187 4362 263 4428 lirin,
282 4365 397 4416 nondam
422 4366 493 4483 θιιίἔ
517 4363 652 4424 derselbe;
697 4379 725 4413 as
743 4379 803 4413 vom
821 4363 928 4414 Himmel
948 4363 1202 4431 herahgelrommene
1221 4367 1296 4418 Wort
1315 4367 1366 4418 soll

189 4434 227 4485 sie
246 4436 271 4485 in
290 4434 332 4485 die
350 4433 451 4484 Hersen
490 4448 518 4484 er
535 4430 675 4483 Menochen
695 4431 924 4498 lrineinsprechem
953 4431 1038 4483 dieses
1057 4435 1090 4484 ist
1107 4432 1169 4484 aber
1188 4435 1249 4487 hein
1268 4436 1366 4499 leerer,

189 4501 384 4553 nnbestimmter
393 4500 490 4557 Srhnll.
500 4516 547 4551 ans
558 4500 618 4551 dem
636 4499 875 4566 gausehnwerden
889 4502 968 4566 kann,
977 4516 1104 4553 wiurmmr
1116 4516 1172 4552 nur·
1182 4505 1275 4555 immor
1285 4504 1366 4557 will‘·
