2834 4896
53 118 101 179 nis
128 113 226 197 effato
260 114 409 190 venditat,
441 111 562 195 mulsos
593 112 704 187 baben
731 122 789 177 aut
814 130 877 193 pro
909 128 994 192 penu
1016 113 1193 192 sapiendae
1215 130 1293 175 tuce

44 205 114 281 iam
142 202 220 263 baec
249 200 456 280 amplectitur,
471 200 543 277 jam
564 199 622 260 illa
642 200 764 278 rejicit;
784 209 847 262 aut·
861 200 906 261 ad
926 199 1069 279 spuriam
1090 199 1242 280 osipinem
1264 208 1294 260 et

50 289 245 368 aaiopistiae
267 305 311 347 ss.
336 285 487 348 librorum
508 283 659 363 defectum
680 286 848 347 concludit.

137 374 172 444 d)
196 372 355 450 interpres
377 370 449 432 catb
476 389 540 432 non
553 371 696 433 concedit
706 371 921 433 diversitatem
942 389 1014 432 aere
1038 371 1131 432 talem
1161 371 1195 431 in
1232 372 1292 431 do-

48 461 156 521 ctrina
179 467 210 520 et
229 457 427 519 sermonibus
448 458 591 516 uirorum
614 459 848 537 inspiratorum,
878 457 943 519 sive
967 455 1045 517 altor
1067 456 1163 516 altero
1187 456 1290 536 plnres

50 545 99 606 vei
125 543 290 624 pauciores
313 542 467 604 doctrinas
492 542 652 617 exhibeam
676 543 741 604 sive
765 560 842 604 unus
872 543 1015 623 idemque
1039 540 1170 603 diversis
1195 559 1291 603 ocen-

48 630 202 706 sionibus,
225 630 291 691 siva
315 627 429 689 diversi
452 628 580 689 eandem
604 627 772 689 doctrinam
795 629 879 690 vnrio
912 627 1003 689 modo
1026 634 1208 707 proponunt,
1232 644 1291 688 va·

49 716 101 778 riis
127 714 327 795 expertibus
350 720 500 794 spectent,
528 714 592 793 jam
622 714 744 790 cintius,
775 715 839 794 jam
871 713 1042 788 obscurius,
1076 730 1157 774 nnnc
1182 713 1292 789 fusius,

48 820 132 865 nunc
156 801 281 863 brevius
311 799 482 875 dclinsent3
514 819 611 880 quare
642 801 786 881 simpulos
807 819 920 862 sacras
943 802 1116 877 scriptores
1138 801 1172 860 in
1194 799 1290 860 rebus

48 888 123 965 fidei
147 896 319 949 otmarum
341 886 587 948 cbristioncrum
608 896 802 948 nontantum
816 906 856 948 ea
869 887 979 947 iisdem
1002 887 1092 963 ipsis,
1115 886 1173 946 scd
1194 887 1290 946 etiam

50 992 89 1035 ea
110 971 260 1035 omnibus
281 973 424 1051 reliquis,
447 969 646 1050 simpulorum
668 972 754 1034 diota
776 991 816 1034 en
837 975 959 1051 intepro
973 969 1100 1032 Gonane
1123 969 1163 1031 ab
1186 972 1292 1033 eccle-

50 1062 101 1120 sia
122 1059 252 1120 sancito
286 1059 467 1119 barmoniae
490 1060 715 1137 interpretatur
745 1067 836 1138 atque
863 1058 1012 1134 illustrat,
1036 1065 1066 1118 et
1088 1058 1290 1137 quotiescun-

53 1164 107 1225 que
132 1144 292 1222 eiusmodi
322 1145 398 1223 quid
425 1146 624 1223 proponitur,
657 1145 740 1224 quod
769 1145 903 1206 rationis
937 1153 1062 1222 captum
1086 1143 1291 1210 nanscendin

55 1230 91 1291 ab
112 1231 272 1308 artificiis,
307 1229 419 1310 quibus
449 1230 613 1310 sclipionis
646 1238 774 1291 nostrae
808 1232 958 1311 mpsteria
990 1229 1196 1305 eliminentur,
1228 1236 1293 1290 toto

56 1319 158 1377 animm
191 1315 378 1392 abborrens,
409 1316 563 1376 rationem
596 1334 687 1377 suam
709 1314 769 1376 Dei
790 1317 962 1377 revelantis
985 1315 1127 1377 oraculis
1146 1323 1293 1394 promtus

56 1402 218 1464 submittit.
242 1436 283 1445 -
305 1400 365 1462 Ast
384 1403 540 1479 interpres
563 1420 645 1463 mere
675 1399 855 1478 rationalis,
878 1421 941 1462 non
965 1419 1092 1477 curans,
1116 1420 1190 1461 nuni
1214 1402 1293 1461 bace

56 1489 104 1549 cel
126 1488 189 1549 illa
212 1489 276 1549 sint
297 1488 447 1561 revelata,
480 1506 537 1548 nec
565 1507 615 1564 ne,
646 1488 708 1548 imo
737 1489 941 1550 revelationis
964 1488 1066 1565 ipsius
1088 1506 1151 1547 non
1174 1495 1293 1548 tantum

52 1574 183 1652 sactum,
208 1573 265 1634 sed
286 1581 317 1634 et
340 1581 553 1652 orpumcntum
584 1575 628 1634 ad
654 1575 789 1634 rationis
810 1592 898 1649 snae,
922 1573 1008 1634 baud
1028 1591 1104 1634 raro
1124 1574 1294 1651 praejudi-

54 1661 112 1721 ciis
136 1669 318 1738 eorruptac,
351 1658 491 1720 tribunal
522 1677 688 1736 reuocans,
718 1660 914 1738 proindeque
948 1660 1054 1720 omnia
1075 1677 1118 1719 ss.
1142 1657 1294 1719 librorum

54 1744 149 1825 effata
171 1746 217 1806 ad
238 1748 387 1806 trutinam
409 1744 575 1806 bumanam
595 1745 741 1825 fallacem
768 1747 958 1824 ponderans,
979 1764 1039 1823 pro
1063 1741 1189 1805 modulo
1213 1762 1294 1823 cap·

54 1840 100 1893 tus
123 1833 180 1893 sui
204 1833 276 1910 jam
306 1833 383 1892 baec
415 1849 473 1892 ceu
495 1850 571 1893 aera
602 1841 631 1893 et
653 1834 771 1893 rationi
792 1832 968 1911 conformia
991 1831 1198 1909 amplectitur,
1215 1831 1285 1908 jam

55 1918 109 1978 illa
132 1927 283 1996 tanquam
304 1918 410 1995 inepta
432 1926 488 1978 aut
508 1936 549 1978 eu
570 1919 857 1979 accommodatione
882 1928 954 1980 orta
975 1918 1088 1994 rejicit.

138 2008 174 2077 e)
199 2003 359 2082 Interpres
391 2002 471 2064 calb.
505 2005 539 2064 in
560 2004 655 2066 rebus
675 2005 749 2082 fidei
779 2013 950 2065 otmarum
974 2001 1227 2065 Christianorum
1250 2003 1294 2064 ad

56 2090 210 2151 ecclesiae
233 2107 311 2150 suae
333 2106 462 2150 sensum
496 2097 526 2150 et
546 2091 723 2151 unanimem
745 2109 788 2151 ss.
813 2089 943 2151 Patrum
965 2108 1152 2150 consensum
1176 2088 1293 2167 coniu-

56 2177 107 2254 pit,
132 2183 164 2236 et
187 2176 268 2251 loca,
291 2193 422 2255 qaorum
442 2192 568 2236 sensum
591 2176 726 2237 ecclesia
752 2176 833 2237 catb.
858 2177 996 2252 definivit
1017 2183 1073 2236 cut
1094 2192 1200 2235 ornnes
1224 2174 1300 2234 tta-¹

57 2271 118 2322 tres
142 2268 258 2335 teneret,
280 2280 337 2321 nec
360 2270 483 2337 contra,
517 2280 615 2341 neque
634 2271 771 2339 praeter,
809 2262 868 2322 sed
882 2263 980 2339 jueta
1002 2260 1092 2321 ilium
1114 2278 1241 2321 sensum
1266 2268 1298 2320 et

57 2346 173 2407 buncce
197 2364 384 2408 consensum
417 2348 662 2425 interpretatum
695 2365 801 2409 aarum
834 2349 991 2426 interpres
1020 2366 1103 2407 mere
1126 2347 1296 2408 rationalis

59 2435 138 2494 redit
171 2433 293 2511 quidem
323 2433 366 2493 ad
394 2437 612 2511 antiquitatem
642 2434 849 2494 christianam
881 2452 938 2494 ceu
968 2434 1011 2494 ad
1036 2433 1154 2512 fantem
1176 2451 1297 2512 capno-

60 2518 171 2579 scendi
211 2537 291 2579 usus
343 2519 489 2598 loquendi
544 2528 574 2581 et
596 2519 788 2581 conditionis
829 2538 1042 2598 personarum
1088 2520 1274 2599 loquentium
1284 2538 1297 2591 ;

61 2613 109 2665 art
143 2604 220 2684 quia
254 2605 312 2665 boo
347 2622 410 2665 non
451 2605 488 2682 iit
520 2623 536 2666 e
569 2608 680 2666 causis
713 2605 919 2684 dopmaticis,
951 2605 1009 2665 sed
1046 2624 1128 2665 mere
1162 2606 1296 2665 bistori-

61 2691 123 2766 cis,
147 2708 249 2769 neque
271 2689 316 2751 ibi
338 2709 460 2769 semper
493 2693 616 2769 quaerit
644 2709 730 2766 cera,
761 2692 816 2752 ubi
833 2700 880 2753 est
902 2693 1037 2752 omnium
1065 2700 1120 2752 aut
1137 2692 1297 2770 plurimo-

60 2794 127 2837 rum
150 2775 397 2837 ortbodouorum
418 2794 603 2853 cousensus,
633 2777 691 2838 sed
722 2795 817 2856 saepe
840 2776 884 2837 ibi
905 2780 997 2838 etiam
1028 2778 1178 2855 supponit
1198 2784 1296 2850 reeta,

60 2860 112 2922 ubi
138 2880 224 2923 uuus
244 2862 362 2923 alterae
384 2862 435 2922 ael
452 2860 564 2939 plures
586 2864 744 2937 baeretici,
767 2880 788 2922 a
809 2864 948 2944 pennino
969 2863 1046 2923 desa
1070 2872 1100 2924 et
1121 2860 1296 2941 Apostolo-

59 2966 127 3008 rum
149 2957 250 3009 meute
272 2950 389 3023 aversi,
404 2949 502 3025 juata
520 2951 655 3028 propria
676 2948 796 3027 placita
818 2952 1003 3009 sententiam
1023 2947 1136 3026 ferum.

141 3032 173 3111 t)
208 3033 369 3113 Interpres
401 3034 576 3095 oatbolicus
599 3033 760 3114 effatorum
789 3034 974 3096 biblicorum
997 3034 1150 3095 literalem
1173 3041 1204 3094 et
1224 3034 1296 3112 spi-

60 3119 214 3194 ritualem,
240 3121 276 3180 in
306 3120 411 3198 specie
449 3119 662 3200 symbolicum,
693 3123 826 3201 typicum
858 3129 889 3181 et
927 3120 1125 3181 remotiorem
1164 3119 1301 3181 admittit

61 3223 203 3281 sensum,
227 3204 400 3285 ubicunque
435 3206 528 3268 talem
558 3216 613 3268 out
633 3209 722 3268 sacri
752 3205 789 3267 N.
812 3207 844 3268 T.
869 3209 1042 3284 scriptores
1064 3207 1098 3267 in
1124 3206 1155 3267 V.
1178 3205 1223 3282 T,
1245 3214 1302 3266 aut

60 3292 164 3353 sancti
186 3290 300 3352 Patres
321 3293 462 3353 unanimi
483 3310 641 3353 consensu
664 3303 694 3355 et
715 3293 868 3355 ecclesiae
888 3292 969 3370 fides
997 3294 1065 3353 siae
1099 3294 1132 3353 in
1170 3291 1202 3352 V.
1231 3293 1298 3353 sioe

61 3378 93 3436 in
113 3376 151 3437 N.
166 3374 200 3436 Τ.
223 3384 381 3451 statuunt;
402 3380 561 3457 interpres
576 3389 678 3441 autem
691 3398 773 3440 mere
785 3378 955 3440 rationalis
968 3379 1061 3439 etiam
1072 3380 1130 3439 boo
1154 3385 1299 3456 respectu
1340 3384 1343 3389 “

61 3462 149 3524 nulla
171 3464 297 3524 altioris
319 3465 519 3525 auctoritatis
550 3467 674 3526 ratione
704 3465 812 3526 babila
843 3466 973 3525 nonnisi
1004 3483 1072 3526 eum
1102 3464 1300 3543 amplectitur

60 3566 197 3624 sensum,
222 3550 276 3628 qui
296 3550 433 3611 rationis
455 3550 684 3631 interpretandi
703 3551 875 3630 principiis
888 3552 1001 3631 optime
1023 3552 1182 3612 uindicari
1200 3565 1298 3628 posse

62 3635 197 3696 uidetur.

147 3720 179 3779 4.
202 3719 335 3781 diatim
357 3720 466 3783 babila
499 3722 713 3784 certitudinis:
744 3722 905 3802 Interpres
938 3723 1019 3785 catb.
1052 3725 1086 3785 in
1108 3721 1203 3783 rebus
1224 3718 1299 3796 fidei

61 3813 91 3866 et
111 3822 244 3881 morum,
256 3807 300 3868 ad
319 3808 566 3885 aedificationem
589 3809 750 3869 doctrinae
771 3811 964 3871 cbristianae
985 3809 1214 3888 pertinentium,
1233 3813 1299 3866 tuto

61 3894 239 3971 acquiescit
259 3895 368 3955 semi
388 3892 608 3971 ceuobjectiae
631 3912 706 3956 cero
725 3901 757 3955 et
775 3902 932 3974 nunquam
955 3894 1129 3969 evertendo,
1152 3893 1206 3972 qui
1229 3910 1299 3954 oum

63 3976 225 4039 ratbolica
249 3979 324 4056 fidei
354 3981 465 4057 rapula
492 3987 551 4040 aut
578 3982 669 4041 unice
692 3984 846 4062 conpruit,
869 3991 922 4043 out
943 3999 1032 4061 quern
1053 3998 1123 4040 cum
1147 3979 1301 4040 ecclesiae

62 4065 247 4142 mapisteria
269 4072 360 4142 tenet,
382 4074 438 4127 aut
459 4082 548 4144 quem
581 4067 615 4127 in
636 4085 748 4146 qenere
771 4068 937 4128 ecclesiam
959 4083 1092 4144 sequens
1114 4065 1224 4126 ducem
1246 4066 1300 4126 in-

61 4150 157 4222 cenit,
180 4151 256 4230 quin
278 4152 411 4212 rationis
433 4153 661 4230 interpretandi
674 4155 834 4232 principia
857 4153 1042 4224 laedantur;
1064 4160 1115 4213 ast
1136 4171 1219 4212 mere
1242 4169 1300 4213 ra-

63 4236 196 4297 tionalis
218 4238 375 4315 interpres
397 4239 507 4298 sensui
529 4256 549 4298 a
571 4257 605 4298 se
628 4242 753 4301 invento
776 4239 926 4316 majorem
948 4238 1167 4299 certitudinem
1190 4237 1299 4298 uindi-

63 4339 139 4383 care
162 4323 278 4404 usquin
302 4324 365 4385 nisi
387 4340 479 4404 quam
504 4322 568 4401 sert
593 4324 710 4404 partim
742 4323 902 4386 metiendus
924 4325 995 4403 ejus
1028 4343 1112 4386 mere
1133 4323 1306 4385 rationalis
