2834 4896
89 192 152 261 118

87 365 281 449 paraphrasis
303 364 345 428 ite
377 361 527 444 procedit,
550 371 584 427 ut
605 364 777 429 orationem
812 363 987 428 continuem
1010 370 1115 429 serrat
1137 364 1271 447 quidem,
1293 372 1322 430 et

86 453 186 535 ipsum
210 451 299 534 quasi
328 455 486 512 auctorem
520 450 697 530 loquentem
727 451 832 529 sistet,
866 452 1048 514 clarioribus
1070 459 1173 514 temen
1192 460 1230 516 et
1250 453 1327 517 heud

86 556 159 603 raro
181 538 317 620 pluribus
340 536 442 600 verbis
465 542 566 598 utatur
588 537 627 600 ad
650 557 686 600 ee
708 537 896 614 illustranda,
931 557 1011 620 quee
1045 539 1217 602 lectoribus
1240 539 1327 602 eudi-

86 626 245 688 toribusve
267 624 318 687 vel
341 623 380 686 ob
404 628 580 684 contextum
611 623 814 686 difficiliorem
849 625 997 702 obscure,
1027 624 1078 687 vel
1100 624 1140 686 ob
1163 624 1327 689 dictionem

85 710 249 774 adhibitam
283 707 384 787 dubia,
418 707 469 770 vel
492 709 531 773 ob
554 709 638 790 ipses
668 709 811 774 bahanes
834 716 866 772 et
887 728 939 773 res
971 727 1143 791 expresses
1166 717 1220 773 eut
1241 711 1328 793 plane

85 797 262 880 incognita,
286 803 339 857 eut
371 794 479 858 sellem
511 812 576 857 non
597 796 672 859 satis
706 796 789 860 clere
811 802 883 860 sunt
901 796 947 873 1).
992 795 1069 860 Hinc
1094 799 1329 879 paraphrastes

85 886 246 966 sequentia
265 882 483 962 praestanda.-

86 987 89 993 '
173 987 202 1134 tt.
224 985 377 1049 Nationes
410 984 669 1048 intermedias-et
689 985 895 1049 transitiones
916 1005 938 1048 a
961 986 1105 1067 loquente
1137 1004 1339 1069 suppressus·

89 1090 170 1153 supp
184 1080 255 1147 aat;

170 1175 201 1237 2.
223 1175 382 1237 succincte
406 1183 437 1236 et
456 1175 527 1237 ideo
549 1192 614 1257 non
635 1183 688 1237 sat
704 1175 874 1255 perspicue
901 1175 988 1237 dicta
1017 1174 1148 1237 uberius
1168 1181 1327 1257 proponat

85 1270 117 1324 et
136 1262 280 1324 clariora
301 1261 414 1323 reddat
424 1281 438 1336 ;

173 1365 204 1427 3.
226 1366 371 1426 nohanes
392 1372 424 1427 et
444 1382 499 1426 res
521 1361 675 1431 obscurus
696 1362 835 1426 illustret
855 1371 911 1426 aut
932 1364 1110 1427 substitutis
1132 1363 1325 1443 domitiani·

85 1450 155 1529 bus,
167 1458 224 1513 aut
244 1451 374 1513 insertis
395 1449 573 1511 rationibus
594 1459 625 1512 et
645 1451 762 1526 causis,
775 1456 831 1511 aut
853 1449 1002 1514 adhibitis
1017 1450 1092 1513 aliis
1114 1448 1326 1526 adminiculis,

83 1556 164 1619 quae
187 1555 203 1600 e
226 1536 307 1598 loeis
338 1532 524 1614 parallelis,
547 1553 564 1596 e
587 1537 713 1614 capuita
748 1535 904 1616 loquentis
936 1537 1079 1599 idearum
1112 1538 1325 1607 associatione

84 1624 137 1687 ael
156 1623 284 1685 aliunde
302 1630 461 1702 petuntur,
473 1630 505 1684 et
518 1620 561 1682 ad
582 1622 752 1684 clariorem
773 1640 889 1685 sensus
910 1623 1119 1701 capnitioaern
1141 1621 1325 1703 conserua&

170 1725 201 1788 t.
224 1743 289 1787 non
318 1733 438 1789 muham
466 1724 723 1804 pbraseolopiarn
752 1723 900 1788 biblicam
922 1725 1068 1806 neptique
1091 1725 1150 1788 sed
1172 1735 1206 1789 et
1225 1728 1326 1805 ipsun

85 1813 240 1874 orationis
259 1812 395 1890 smmum
418 1813 564 1887 immutet,
587 1830 616 1873 a
638 1811 943 1890 promptuarium
969 1811 1120 1892 periodos
1142 1813 1180 1873 irs
1200 1813 1325 1891 sinpli-

85 1899 190 1961 moras
223 1897 449 1974 concertendo,
484 1899 727 1978 quotiescunque
759 1898 999 1979 perspicuitatis
1022 1899 1079 1977 fini
1111 1899 1183 1960 ulia
1205 1900 1334 1975 ratione

84 1982 209 2046 consuli
230 1986 360 2064 nequit,·
381 1983 514 2063 denique

170 2087 200 2149 5.
232 2087 263 2149 si
294 2085 398 2148 salum
427 2087 582 2165 pericopa
620 2086 775 2166 quaedam
807 2086 1004 2166 paraphrasi
1039 2040 1237 2149 illustranda
1270 2093 1323 2162 est,

84 2181 191 2252 aptum
222 2179 255 2235 et
279 2172 373 2234 breue
405 2171 568 2234 euordiurn
594 2174 796 2272 praemittat,
828 2173 914 2252 quad
941 2173 993 2233 ael
1014 2191 1030 2234 e
1052 2191 1136 2235 neuu
1170 2173 1324 2234 motiones

85 2278 155 2321 curn
185 2257 461 2338 praecedentibus,
494 2258 545 2319 ael
575 2277 616 2318 ea
648 2259 817 2320 occasione
850 2260 1023 2336 sermonis,
1058 2258 1110 2321 ael
1130 2278 1172 2320 eor
1194 2259 1323 2320 materia

83 2346 235 2407 sectionis
257 2346 329 2425 ipsa
350 2353 405 2406 aut
426 2345 492 2406 alid
515 2342 697 2406 cohaerente
720 2345 903 2422 desumitur,
915 2352 946 2408 et
962 2347 996 2406 iu
1015 2346 1077 2424 pina
1098 2363 1179 2407 usus
1198 2345 1322 2424 praeti-

83 2450 139 2494 σοι
161 2430 297 2493 adnotet.
319 2463 362 2477 -
384 2429 443 2492 Ast
462 2430 637 2491 cauendum
655 2429 910 2509 paraphrastae:

169 2534 328 2609 circlate
350 2532 569 2596 adorationis
599 2533 781 2595 materian:
813 2550 852 2594 ne
884 2550 1012 2596 senmrn
1040 2533 1145 2615 ipsum
1178 2534 1323 2608 immutet,

81 2618 212 2700 eumque
234 2627 291 2681 aut
322 2617 534 2697 anqustiorern
564 2627 620 2680 aut
643 2618 805 2696 latiorem,
836 2620 1007 2681 tenuiorem
1029 2628 1086 2681 aut
1103 2619 1322 2699 perfectiorem

79 2713 247 2789 proponat,
270 2722 363 2784 quant
387 2704 516 2785 loquens
539 2722 608 2765 eum
630 2706 780 2783 concepit,
803 2704 890 2784 quad
907 2704 1084 2785 periculum
1105 2702 1140 2766 in
1162 2706 1226 2767 hac
1241 2716 1323 2765 'sen-

82 2811 140 2854 sus
175 2789 352 2871 amonendi
383 2791 488 2870 specie
511 2809 547 2852 ea
569 2791 673 2869 majas
709 2808 748 2852 ac
766 2792 978 2870 propinquius
1010 2798 1076 2867 est,
1110 2809 1173 2871 quo
1196 2792 1324 2871 saepius

84 2879 212 2941 occasio
235 2896 270 2939 se
292 2874 391 2958 offert,
410 2877 544 2958 proprio
564 2886 663 2940 marte
685 2877 838 2959 quaedam
860 2876 1006 2957 addendi,
1025 2885 1081 2940 aut
1100 2888 1164 2940 sua
1184 2878 1323 2958 capitata

83 2964 267 3038 insesuudip

171 3066 208 3142 b)
231 3075 375 3146 respectu
394 3066 537 3146 formae:
569 3085 609 3128 ne
630 3067 746 3128 nimiae
772 3065 954 3148 pruliaitati
975 3075 1031 3128 aut
1058 3065 1250 3129 verbositati
1271 3067 1320 3127 in·

83 3154 218 3234 dulpeat,
238 3172 296 3233 per
327 3172 420 3232 qaam
454 3171 567 3214 seusus
598 3155 699 3231 napis
727 3151 905 3227 obscurari,
928 3170 1021 3233 quarn
1044 3152 1204 3214 illustrari
1225 3153 1322 3224 solet,·

84 3249 140 3303 aut
170 3240 312 3302 omnibus
335 3247 366 3301 et
386 3240 521 3318 sinpulis
551 3238 698 3318 partibus
720 3239 804 3300 alias
834 3238 974 3319 phrases
995 3237 1234 3301 substituendus
1254 3255 1321 3299 esse

79 3334 189 3406 putet.;
211 3345 285 3389 narn
306 3343 386 3405 quae
408 3325 550 3404 alioquin
570 3325 663 3386 clara
683 3333 766 3389 mni,
786 3326 1064 3387 urcunlacuticne
1087 3343 1152 3386 nen
1173 3325 1320 3404 indipent.

82 3408 165 3473 litter
185 3411 398 3492 paraphrastes
431 3412 528 3473 relate
553 3408 594 3470 ed
616 3408 743 3471 formem
778 3412 891 3472 eminet
916 3409 1087 3487 Brentano,
1108 3416 1162 3471 est
1178 3415 1320 3490 respectu

81 3498 227 3559 materiae
249 3499 280 3559 in
302 3497 370 3577 ejus
392 3514 452 3559 usu
485 3494 628 3557 cautione
658 3513 735 3576 opus
764 3503 827 3571 est;
862 3496 901 3558 ad
922 3497 1005 3558 iham
1038 3496 1180 3577 proxime
1204 3497 1321 3558 accedit

82 3582 236 3646 &asinus
257 3584 498 3646 Rotterodamus
512 3581 582 3656 il*).
605 3580 688 3643 inter
708 3581 905 3645 Acatboliaos
928 3581 1047 3646 Semier
1068 3581 1176 3644 durius
1198 3589 1233 3645 et
1253 3581 1320 3644 idea

82 3670 247 3732 obscurum
281 3668 404 3730 dicendi
435 3685 535 3750 geum
568 3667 731 3742 observet3
759 3667 839 3730 Hess
872 3668 1049 3730 scholiastis
1080 3669 1200 3748 potius,
1232 3685 1319 3750 quen

82 3754 287 3836 paraphrastis
311 3753 556 3818 adnumerandus
570 3751 659 3832 aas),
682 3751 769 3818 Alios
792 3754 1006 3837 paraphrastes
1029 3759 1060 3831 ς.
1085 3753 1159 3820 116.
1184 3772 1318 3819 comme·

81 3841 279 3905 mutabimus.

119 4099 149 4166 ⁴)
168 4097 334 4164 Perapbrssis
353 4104 392 4147 ert
409 4094 520 4159 „hiantia
539 4099 708 4166 committere,
722 4098 838 4153 involute
855 4098 1032 4153 evolvere..
1049 4099 1114 4152 :sic
1131 4096 1208 4153 atbar
1226 4098 1316 4157 dicere,

166 4175 195 4218 ut
211 4182 265 4218 ιιοιι
284 4166 355 4217 dicas
375 4164 450 4216 elisf‘
485 4164 567 4217 idem.

102 4252 148 4320 11)
156 4251 296 4317 'hermerii
312 4251 413 4302 Erermi
430 4250 597 4317 Peraphresis
623 4251 696 4304 icit.
714 4251 742 4304 T.
767 4267 800 4305 ex
820 4255 977 4317 receusicue
1000 4251 1022 4306 1.
1041 4251 1146 4317 Clerici,
1171 4251 1275 4305 curel.
1292 4248 1315 4301 F

168 4319 372 4388 §.Augustini
390 4320 453 4372 vall.
471 4322 497 4371 in
515 4320 560 4372 8⁰
549 4318 692 4372 ⁰Berolini
710 4321 870 4388 titii—80).

86 4405 150 4473 sss)
168 4404 219 4458 cp·
237 4402 309 4461 Keil:
329 4404 459 4461 elementa
476 4405 734 4462 bermensuttcectt.
751 4407 779 4461 T.
797 4424 858 4480 pag
878 4408 937 4461 1⁵9·
999 4458 1012 4491 ,¹
