2834 4896
96 206 158 273 tea

94 378 136 440 tia
157 377 290 457 looutos,
306 385 338 441 et
360 376 488 459 proinde
511 376 600 441 dietis
622 376 687 440 suis
710 392 772 439 non
793 374 944 457 propriam
968 393 1005 438 ao
1028 393 1132 439 remor
1155 375 1327 457 doctrinan,

94 464 150 527 sed
174 465 300 528 aliorum
323 471 494 528 oornrnenta
516 465 675 547 professos
699 480 771 526 esse
793 463 1016 545 probasseque.
1040 461 1100 525 Cir.
1123 468 1155 538 §-
1180 462 1255 527 120.

660 676 691 744 §.
714 669 765 732 69.

238 822 287 875 Ubi
305 824 362 891 quis
380 838 395 875 e
413 838 469 887 sua,
488 822 532 874 ubi
550 837 582 874 ox
600 822 708 874 aliorum
725 823 853 876 sententia
866 822 939 892 loqui
957 822 1105 876 censendus
1124 820 1187 877 esti

181 983 288 1048 Utrum
320 986 391 1066 puis
412 1004 429 1046 e
451 1004 512 1047 ruo
545 985 699 1047 sementia
731 982 856 1061 dicerit
889 983 1092 1063 oopnoscitur
1113 1000 1155 1046 ea
1177 983 1328 1047 dictorum

93 1065 199 1132 indole
222 1081 252 1133 et
274 1090 314 1132 eoo
335 1072 461 1133 dicendi
482 1071 583 1132 modo.
606 1070 751 1153 Loquens
772 1089 790 1133 e
811 1088 882 1148 suo,
899 1079 932 1134 et
950 1087 1015 1132 non
1035 1087 1077 1131 erc
1098 1069 1237 1133 oliorum
1257 1089 1328 1133 aea·

94 1158 191 1220 tentiri
213 1158 317 1218 dicere
340 1157 515 1219 censendus
538 1166 606 1220 est:

174 1241 212 1304 Α.
235 1243 368 1305 Ratione
390 1242 500 1306 babitu
522 1244 676 1306 dictorum
697 1241 836 1305 indolis:

179 1330 207 1390 1.
230 1329 267 1391 Si
287 1333 460 1406 sententio,
493 1348 585 1410 quarn
617 1331 651 1391 in
681 1329 815 1391 medium
845 1327 986 1409 profert,
1008 1328 1219 1408 aprincipiir
1250 1328 1329 1391 odiat

88 1414 144 1477 'sot
163 1414 249 1476 olore
272 1414 312 1476 ob
335 1434 371 1476 eo
394 1415 603 1495 manifestatis
624 1434 687 1477 non
710 1424 829 1477 tontum
850 1434 915 1477 non
937 1415 1090 1493 dissentit,
1116 1414 1177 1476 sed
1199 1417 1249 1477 eis
1272 1433 1329 1495 op-

86 1503 190 1582 prime
213 1501 385 1581 conformis
407 1511 475 1574 ert;
498 1519 555 1564 seu
577 1500 657 1563 iacta
681 1500 720 1563 ad
742 1502 837 1564 libros
861 1517 968 1563 sacros
990 1499 1026 1563 N.
1049 1500 1082 1563 T.
1105 1500 1328 1583 applicatione:

89 1588 126 1648 Si
148 1589 312 1664 sententio,
335 1605 427 1667 quarn
450 1587 595 1650 Christus
616 1591 684 1669 ipse
708 1596 765 1650 out
794 1589 933 1668 scriptor
961 1605 1056 1649 socer
1081 1589 1205 1667 pandit,
1228 1607 1251 1649 a
1273 1589 1330 1648 do-

90 1675 266 1735 ctrinarum
298 1675 491 1753 reliquorum
520 1674 607 1738 eiuro
637 1677 874 1755 propositorum
896 1677 1018 1736 summd
1039 1691 1103 1736 non
1133 1673 1239 1735 solum
1270 1692 1329 1735 oon

90 1758 219 1836 obludit,
232 1757 290 1821 sed
307 1763 415 1840 potius
435 1780 505 1822 cuno
523 1780 565 1823 eo
583 1780 623 1822 eo
644 1779 718 1823 osse
741 1762 908 1834 convenit;
922 1778 992 1822 nam
1015 1759 1153 1840 quemvis
1177 1756 1328 1823 hominem

90 1863 164 1907 sana
187 1852 288 1907 ruente
311 1846 480 1928 praeditum
503 1847 561 1908 sibi
584 1853 775 1909 constantem
798 1865 880 1924 esse,
899 1845 958 1908 nisi
980 1846 1116 1908 rationes
1139 1844 1328 1909 sufficientes

90 1931 275 1993 eontrarium
309 1932 459 2011 doceant,
493 1933 646 2016 praesumi
675 1938 795 2016 potest3
828 1931 978 1995 Christum
1011 1948 1087 1995 vero
1121 1938 1153 1993 et
1184 1941 1327 1996 auctores

89 2035 196 2165 {aeros
227 2016 286 2081 sibi
315 2025 544 2101 consequentes
577 2018 692 2098 tuisse,
722 2017 959 2082 evidentissimis
983 2036 1024 2081 ex
1044 2018 1216 2081 rationibus
1240 2018 1329 2081 statui

26 2136 35 2153 .
113 2104 192 2166 obet.
815 2146 821 2163 .

175 2189 205 2252 2.
227 2189 263 2251 st
284 2192 439 2254 sententio
472 2192 545 2272 ipro
577 2210 677 2268 nooo,
701 2200 733 2254 et
752 2210 817 2253 uon
849 2189 952 2253 solum
984 2191 1076 2252 nocis
1108 2190 1330 2254 additamentis

88 2284 220 2353 ornato,
252 2286 308 2339 out
336 2280 369 2339 in
399 2296 514 2340 novom
543 2276 677 2356 formum
709 2279 840 2341 reducto
872 2286 943 2351 est;
976 2276 1088 2338 etenim
1123 2277 1175 2358 qui
1197 2295 1281 2340 nova
1302 2278 1329 2339 in

87 2361 220 2424 medium
249 2361 376 2445 profert,
399 2380 462 2425 non
494 2370 597 2445 potest
618 2364 743 2428 alterius
766 2363 949 2427 sententiani
972 2361 1118 2445 profiteri,
1142 2363 1216 2445 quia
1240 2381 1329 2427 secus

89 2447 140 2511 illa
162 2465 225 2512 non
248 2456 354 2512 essent
375 2468 465 2512 nova.

172 2535 203 2597 3.
227 2534 262 2596 st
282 2538 437 2598 sententio
458 2538 506 2598 ito
528 2546 713 2616 comparato
734 2544 790 2614 est,
808 2544 844 2599 ut
857 2537 926 2617 ipse
948 2535 1018 2615 ejus
1040 2542 1152 2599 auctor
1173 2545 1230 2598 out
1248 2555 1327 2616 pro-

84 2629 245 2701 pupuotor
263 2620 362 2701 probe
385 2629 564 2703 copuosoot,
587 2641 621 2684 se
653 2624 762 2686 eddam
783 2622 847 2685 sibi
867 2632 898 2686 ot
919 2641 1036 2685 consue
1066 2638 1232 2683 euoenon
1256 2632 1327 2685 ton-

87 2717 151 2768 tom
169 2708 304 2769 oliorum
326 2709 449 2770 animos
467 2726 531 2770 non
552 2710 779 2785 devitaturum,
791 2708 850 2771 sed
861 2711 971 2789 potios
992 2708 1148 2771 mocimoe
1170 2707 1328 2771 bominum

83 2794 189 2872 portis
222 2793 466 2873 toutpnottonem
488 2795 645 2857 etodium
674 2805 864 2876 paraturum
896 2815 965 2858 erse
976 2814 990 2867 ,·
1022 2793 1074 2858 oei
1103 2794 1133 2855 ri
1162 2795 1239 2856 tuiis
1274 2805 1327 2872 est,

87 2895 104 2938 o
128 2896 189 2958 qna
212 2877 341 2959 loqueos
375 2898 440 2942 non
467 2881 570 2943 tolum
603 2880 692 2945 nulio
713 2881 876 2944 commoda
899 2890 1026 2944 terreno
1047 2877 1110 2942 sibi
1131 2890 1327 2958 emanatura,

86 2964 145 3025 sed
169 2966 277 3045 potius
310 2967 472 3029 molestior
501 2969 709 3046 pravissimos
743 2967 806 3031 sibi
828 2977 860 3030 et
878 2969 949 3030 suis
982 2968 1107 3029 orituro
1128 2985 1218 3046 erse,
1242 2976 1326 3030 certo

84 3052 292 3129 proeoideot;
320 3070 390 3113 narn
420 3053 541 3115 nonnisi
580 3052 770 3116 firmissimae
803 3052 997 3135 persuasioni
1026 3056 1109 3115 tanta
1141 3051 1189 3114 vis
1222 3051 1327 3116 inesse

86 3135 176 3214 solet,
200 3143 233 3199 ut
254 3137 435 3220 posthabitis
458 3139 598 3202 omnibus
620 3140 753 3203 terrenis
788 3139 971 3203 sententiam
994 3137 1154 3221 quamdam
1177 3145 1327 3201 constan·

87 3228 136 3284 ter
157 3224 225 3303 quis
248 3225 367 3306 probet,
391 3230 423 3286 et
445 3225 498 3305 qui
520 3225 703 3288 eontrarium
726 3233 892 3306 assereret,
905 3244 975 3290 eum
998 3222 1174 3300 ostendere,
1194 3242 1327 3288 neeesse

86 3314 182 3387 esset,
205 3309 356 3390 ejusmodi
377 3310 530 3373 hominem
553 3319 605 3375 aut
626 3310 695 3374 zelo
718 3310 850 3375 fanatico
874 3311 1042 3394 abreptum,
1066 3317 1118 3372 aut
1140 3311 1328 3392 pertinaciae

86 3411 123 3456 ae
146 3395 309 3475 superbiae
332 3394 444 3461 ardore
468 3396 680 3477 obcoecatum,
705 3403 756 3460 aut
777 3398 860 3461 sanis
884 3397 1027 3460 sensibus
1050 3395 1228 3459 destitutum
1251 3415 1327 3461 sen-

86 3480 211 3542 tentiam
234 3482 394 3562 quamdam
415 3483 565 3564 probasse
588 3484 730 3565 propriae
751 3484 945 3566 persuasioni
969 3482 1139 3547 adversam.

172 3565 208 3628 B.
230 3567 385 3647 Respecto
407 3570 533 3632 dicendi
561 3571 665 3633 modi:
697 3572 734 3634 Si
755 3569 885 3652 loquens
903 3569 1025 3652 probus
1047 3577 1139 3650 atquo
1162 3569 1327 3647 inpensus,

85 3652 191 3732 quotis
214 3654 343 3734 quilibet
358 3657 476 3719 tamdiu
498 3656 675 3719 censendus
689 3665 747 3730 ost,
764 3656 863 3719 donee
882 3657 985 3719 molus
999 3655 1147 3733 etfoiiou
1162 3652 1327 3734 probetur,

172 3743 210 3814 o)
233 3741 395 3827 motorium
417 3743 583 3822 quomdam
598 3762 638 3804 ec
656 3742 804 3823 professo
826 3750 954 3820 troctot,
973 3743 994 3803 i.
1010 3761 1036 3803 e.
1060 3742 1162 3803 aeriis
1183 3758 1225 3802 eo·
1243 3759 1327 3820 por-

85 3823 169 3887 tibus
201 3834 373 3906 spectutom
402 3828 535 3907 praebet
566 3848 623 3892 seu
660 3831 852 3909 perlustrat,
895 3829 1089 3908 orpumentis
1122 3827 1328 3903 demonstrat,

78 3911 292 3989 jurejurando
314 3921 371 3975 out
390 3915 535 3993 proniori
564 3916 675 3979 saltem
700 3915 941 3995 asseveratione
975 3915 1147 3993 confirmat,
1170 3920 1265 3991 etque
1288 3910 1327 3974 ob

83 3998 312 4076 objectionibus
344 3998 505 4076 oindioot;
533 4018 604 4063 narn
634 4019 726 4064 neruo
755 4000 803 4063 vir
836 3999 981 4063 cordatus
1004 4017 1041 4060 ao
1063 3997 1178 4080 probus
1203 3996 1325 4059 alienos

84 4098 207 4146 errores
229 4083 288 4146 hae
319 4085 440 4148 ratione
473 4086 553 4150 tueri
576 4105 613 4149 ac
635 4085 804 4151 defendere
836 4092 948 4168 potest.
994 4083 1101 4147 Omnia
1123 4082 1228 4164 itaque
1250 4082 1329 4145 Jesu

83 4174 114 4229 et
136 4167 354 4251 Apostolorum
388 4171 488 4252 dieta,
517 4172 548 4235 in
580 4172 690 4253 quibus
720 4172 779 4235 bae
808 4172 928 4235 ratione
958 4175 1137 4249 versantur,
1161 4186 1179 4230 e
1202 4168 1328 4250 propria

81 4255 217 4335 ipsorum
239 4256 441 4336 persuasione
463 4257 583 4339 prolata
606 4263 696 4320 erunt
716 4256 867 4321 habenda.

168 4339 205 4417 b)
229 4341 264 4404 Si
294 4353 404 4424 sponte
436 4347 513 4422 ruti,
544 4342 634 4407 nuiiti
663 4347 795 4407 ecternd
828 4345 996 4407 occasione
1025 4349 1240 4423 prouocatus,
1263 4357 1328 4400 non

83 4431 186 4487 tomen
205 4446 263 4506 por
286 4437 489 4491 transennam
510 4431 611 4511 puori,
634 4430 693 4492 sed
714 4448 755 4493 oro
773 4429 922 4510 professo
944 4430 1132 4491 sententium
1155 4426 1326 4506 quomdam

80 4513 223 4592 profan
245 4530 314 4578 nam
336 4514 376 4579 de
398 4514 512 4598 placito
533 4514 646 4597 alieno,
669 4515 719 4580 eui
740 4516 893 4581 assentire
914 4531 977 4579 non
999 4519 1113 4595 potest,
1134 4512 1183 4575 vir
1204 4510 1323 4592 probus
