2834 4896
87 216 110 278 4

88 408 189 452 ramus
213 404 318 451 omnes
349 388 549 451 inunitatem
584 391 664 469 lidei,
698 392 729 453 in
762 392 860 455 virum
890 394 1068 475 perlectum,
1093 398 1123 460 in
1147 416 1325 462 mensuram

88 478 196 539 aetatis
219 474 414 557 plenitudinis
445 475 572 551 Christi,
603 497 671 540 cum
703 478 782 539 omni
815 480 981 542 bumilitate
1016 490 1046 544 et
1080 485 1327 561 mansuetudine,

88 579 154 625 cum
178 562 322 643 patientia
346 569 559 642 supportantes
582 564 713 627 invicem
733 564 934 642 inebaritatc,
959 568 1080 630 solliciti
1103 588 1229 633 servare
1253 573 1328 632 uni-

86 655 178 710 tatem
202 649 325 729 spiritus
349 647 379 707 in
401 648 524 710 vinculo
548 651 662 730 pacis“.
691 650 757 731 pr
789 649 820 727 4,
847 651 894 714 13.
918 654 948 715 2.
973 652 1002 716 3.
1031 655 1090 717 Ast
1120 675 1181 719 non
1204 656 1327 732 desunt,

87 735 139 815 qui
163 740 193 794 ct
215 731 274 795 boc
298 738 442 812 respectu
474 734 567 796 lentis
591 736 671 797 undd
694 738 847 818 purissimi
875 738 982 801 rettete
1006 745 1144 822 proprias
1169 745 1322 805 cisternas

87 820 145 882 sibi
170 819 326 896 effodiunt,
351 817 420 879 dum
443 819 615 902 linguarum
639 822 846 884 diversitatem
864 826 993 889 naturali
1014 828 1107 890 modo
1131 836 1227 890 ortam
1251 847 1326 891 esse

87 904 323 968 demonstraturi
347 905 447 967 uarias
471 906 658 988 hypotheses
680 917 864 989 proponunt,
885 929 1011 991 quarum
1035 933 1093 975 una
1117 914 1242 976 alteram
1265 916 1327 975 im-

85 1000 212 1073 pugnat,
236 1008 343 1053 omnes
365 1009 441 1053 vero
463 991 600 1054 bistoriae
623 1012 685 1055 non
707 1001 821 1057 tantum
845 1014 962 1065 sacrae,
986 999 1041 1059 sed
1065 1006 1155 1062 ettam
1177 1000 1327 1082 profanae

86 1077 173 1141 lastis
196 1075 347 1140 mendacii
369 1079 602 1158 convincuntur,
626 1086 659 1141 ut
678 1072 892 1145 llistemacker
913 1085 1071 1165 praeclare
1094 1088 1229 1148 ostendit
1239 1086 1290 1162 1).

682 1260 712 1327 ς.
735 1251 765 1315 3.

378 1358 444 1412 Usus
462 1360 587 1429 loquendi
603 1365 745 1414 necessitas
765 1371 791 1417 et
807 1366 878 1417 varia
896 1366 1033 1419 distinctio.

192 1486 378 1568 Lingnarum
414 1484 615 1564 diversarum,
653 1487 782 1567 proinde
818 1495 850 1550 et
883 1506 958 1551 risus
992 1489 1139 1570 loquendi
1173 1491 1326 1571 originem

84 1574 151 1636 Deo
177 1572 392 1634 intervenienti
416 1571 627 1634 adscribentes
650 1591 844 1655 nequaquam
869 1577 1047 1653 asserimus,
1075 1577 1217 1637 idiomata
1240 1577 1325 1636 varia

85 1660 218 1721 diversis
241 1658 416 1720 nationibus
438 1658 528 1738 plena
550 1657 752 1739 perfectaque
786 1659 929 1723 divinitus
964 1664 1004 1722 ita
1028 1663 1217 1743 suppeditata
1242 1680 1325 1739 esse,

86 1752 119 1807 ut
141 1744 409 1826 protoparentibus
433 1746 584 1807 sermonis
607 1745 720 1807 donum
737 1746 765 1807 in
782 1748 926 1827 paradiso
952 1756 1016 1808 erat
1040 1766 1240 1828 concessum3
1265 1766 1326 1826 po-

84 1832 145 1893 tius
169 1832 377 1894 successivam
401 1830 572 1911 linguarum
597 1832 755 1906 culturam,
783 1832 920 1894 culturae
944 1833 1110 1914 spiritualis
1135 1835 1222 1914 qrrasi
1247 1853 1324 1914 spc-

86 1917 204 1993 eulum,
239 1917 396 1978 maximam
428 1921 544 1997 partein
575 1935 652 1998 opus
675 1917 837 1979 burnanum
870 1920 998 2001 agnosci
1032 1921 1163 1989 debere,
1195 1920 1324 1982 historia

87 2003 166 2066 duce
189 2009 299 2083 sponte
323 2003 533 2064 concedimus.
578 2003 671 2077 (laod
685 2006 755 2082 J‘om
778 2006 890 2066 attinet
911 2026 990 2067 usas
1014 2007 1161 2086 loquendi

195 2092 222 2151 1.
267 2090 496 2162 necessitatem,
519 2088 550 2148 si
579 2108 793 2169 quamcunque
827 2090 966 2170 linquam
998 2094 1247 2169 consideramus,
1270 2111 1326 2153 se-

84 2180 213 2255 queutia
235 2175 406 2237 obser-ocra
431 2175 521 2234 ticet:

193 2268 226 2336 a)
272 2261 349 2323 Esse
380 2259 551 2321 bominibus
582 2261 683 2321 n³sum
707 2278 897 2323 communem
922 2269 952 2324 et
975 2262 1103 2344 proinde
1136 2262 1324 2340 naturalem,

83 2365 178 2411 voces
202 2367 261 2429 qua
284 2347 371 2429 signa
393 2346 434 2406 ita
459 2345 677 2426 attemperandi
699 2347 745 2408 rei
769 2346 1005 2429 significandae,
1030 2356 1062 2409 ut
1084 2349 1324 2428 perceptionem,

83 2453 163 2516 quae
185 2452 242 2516 per
264 2433 344 2495 illam
374 2432 404 2493 in
428 2432 527 2493 animo
551 2434 714 2510 enascitur,
750 2439 781 2494 et
811 2435 856 2495 sic
886 2435 1016 2496 mediate
1048 2454 1112 2496 rem
1144 2436 1259 2514 ipsam,
1293 2436 1324 2495 in

83 2527 226 2602 quantum
250 2521 316 2582 beri
339 2524 449 2600 potest,
474 2519 669 2580 exactissime
699 2527 942 2600 repraesentent,
966 2521 1048 2581 unde
1070 2523 1114 2582 sic
1138 2521 1217 2581 dicta
1241 2539 1325 2581 orro-

82 2608 296 2688 matopoeitiea
320 2610 525 2678 enascuntur;
559 2622 589 2693 y.
612 2623 641 2686 g.
664 2618 722 2677 nnn,
743 2598 864 2684 βροντή,
901 2607 1023 2683 tonitru,
1058 2607 1153 2685 brom,
1190 2607 1324 2667 Donner.

82 2691 150 2755 Non
173 2694 271 2755 minus
293 2693 384 2753 homo

186 2780 222 2853 b)
244 2797 300 2861 per
322 2783 449 2838 naturae
471 2793 546 2837 suae
568 2775 678 2836 limites
701 2777 794 2837 veluti
818 2777 939 2858 cogitur
950 2777 980 2838 in
1004 2778 1227 2857 conjungendis
1250 2778 1323 2858 plu-

83 2864 167 2927 ribus
191 2884 259 2928 oum
283 2883 342 2926 una
366 2880 444 2924 voce
467 2861 740 2943 significationibus
771 2862 961 2943 objectorum
990 2863 1143 2926 allinitatis
1173 2865 1323 2925 rationem

81 2948 206 3029 babere,
230 2968 291 3033 quo
314 2949 432 3011 facilius
455 2947 579 3010 easdem
610 2954 712 3010 teneat
742 2954 773 3010 ct
796 2948 862 3011 aliis
897 2950 1130 3031 cognoscendas
1158 2951 1321 3030 praebeat3

82 3067 111 3109 v,
135 3069 165 3130 g.
188 3041 245 3133 obp
263 3064 307 3115 Ξ
329 3048 465 3110 incidere
502 3052 533 3108 et
562 3046 683 3109 sulcare
691 3067 700 3123 3
735 3047 862 3109 canities
884 3063 929 3114 ·.·.·
951 3055 1110 3123 senectus3
1143 3046 1256 3109 ferrum
1278 3062 1325 3113 Ξ

82 3134 211 3218 gladius·
255 3134 371 3197 Eodem
394 3133 485 3196 modo
508 3130 598 3194 homo

186 3227 219 3294 c)
243 3239 298 3303 per
319 3220 451 3283 indolem
483 3219 591 3281 mentis
621 3237 696 3281 suae
727 3224 855 3301 urgetur
882 3219 996 3280 sindles
1028 3226 1212 3300 conceptus,
1236 3218 1324 3281 rela-

82 3306 181 3368 tiones
206 3313 236 3366 et
258 3307 366 3369 modos
389 3306 535 3368 similibus
559 3304 662 3367 formis
686 3306 867 3386 exprimere,
890 3305 992 3381 itaut,
1015 3306 1189 3387 ubicunque
1213 3304 1324 3366 simili-

83 3392 155 3453 tudo
181 3392 344 3455 formarum
368 3399 419 3454 aut
441 3397 612 3453 structurae
634 3392 775 3468 recurrit,
799 3390 837 3452 ad
861 3390 988 3453 similem
1007 3392 1163 3453 notionem
1187 3398 1237 3451 aut
1260 3410 1322 3452 no-

82 3478 196 3540 tionum
218 3479 398 3541 relationem
422 3476 608 3539 concludere
630 3476 741 3553 liceat3
771 3496 801 3539 v.
824 3497 853 3560 g.
883 3494 1026 3559 aquosus,
1059 3495 1218 3554 arenosus,
1249 3477 1324 3555 plo-

82 3564 200 3639 riosus3
225 3564 396 3626 terminatio
420 3586 481 3640 cept
503 3562 666 3625 verborum
690 3581 883 3644 graecorum,
907 3555 986 3623 κατά
1010 3582 1078 3624 cum
1102 3565 1289 3626 accusativo.

186 3649 297 3711 Verum
320 3650 367 3712 his
391 3669 452 3712 non
475 3647 665 3711 obstantibus
688 3667 787 3730 aeque
810 3649 1056 3711 indubium-est:

185 3741 222 3809 a)
244 3754 339 3798 sonos
362 3753 530 3817 conumque
557 3751 615 3815 pcr
634 3733 756 3816 linguae
789 3753 903 3817 organa
927 3735 1122 3797 inllexionem
1154 3735 1323 3796 naturalem

82 3821 242 3902 quemdam
264 3840 376 3885 nexum
399 3822 513 3884 babere
527 3820 566 3883 ad
589 3838 736 3882 summum
759 3839 828 3883 cum
851 3822 943 3883 certis
970 3822 1058 3884 animi
1083 3821 1213 3883 motibus
1237 3820 1322 3881 ineli-

81 3906 196 3985 candis,
219 3924 311 3989 porro
342 3927 410 3970 cnm
432 3909 524 3971 rebus
547 3906 606 3968 illis
636 3913 667 3967 et
688 3909 1020 3988 repraesentationibus
1053 3908 1098 3969 eis
1121 3906 1320 3988 responden-

80 3991 170 4069 tibus,
195 4012 274 4074 quae
296 4012 404 4057 sonum
427 3992 587 4076 quemdam
610 3991 720 4071 edunt,
753 3995 882 4076 ejusque
913 3995 1078 4056 imitatione
1102 3993 1259 4073 designari
1291 3998 1322 4053 et

77 4083 207 4157 possunt
229 4085 261 4141 et
283 4080 392 4142 solent.
436 4080 564 4143 Maxima
587 4096 663 4161 ergo
686 4097 757 4161 pars
788 4080 911 4163 linguae
942 4080 1081 4158 adeam,
1105 4097 1195 4161 quiam
1217 4079 1323 4141 dieunt

78 4234 399 4255 ···-—·-·--—-
1021 4222 1041 4261 0

115 4331 144 4397 *)
166 4331 244 4383 [liber
262 4333 473 4399 Sprarbenaabe,
493 4335 525 4385 ad
544 4336 620 4386 finem
640 4336 702 4385 tomi
719 4334 743 4383 5.
762 4333 863 4399 operis:
882 4331 930 4383 Dio
948 4332 1044 4399 beiliga
1055 4332 1151 4384 Setun
1168 4334 1216 4384 des
1234 4348 1321 4384 nonen

170 4401 356 4466 Testarrrerrtes,
376 4403 507 4455 iibersctzt
526 4404 576 4454 und
597 4403 700 4453 erliltirt.
724 4401 799 4452 Grtitz
820 4402 895 4454 1826.
931 4400 975 4452 cn
993 4404 1069 4453 ctiam
1088 4401 1243 4453 Stissmilcb:
1268 4401 1323 4451 Be-

172 4473 252 4534 weis,
281 4472 340 4523 dass
365 4472 411 4522 cler
430 4472 561 4589 Uespronp
585 4472 632 4521 der
656 4468 851 4521 mcusebliebcn
877 4470 993 4537 Spracbe
1021 4470 1128 4590 glottlicb
1154 4473 1200 4521 sei.
1235 4468 1323 4520 Berlin

175 4541 240 4593 1766
259 4549 285 4593 et
302 4540 441 4591 llumboldt
460 4539 524 4591 tiber
560 4542 584 4590 ic
603 4536 807 4604 llawi-Spracbe
826 4536 912 4590 Berlin
932 4538 1007 4591 18³6.
1044 4578 1050 4590 .
1069 4555 1127 4607 pag.
1145 4538 1231 4590 xxttt.
1250 4554 1324 4606 seqq.
