2834 4896
121 187 160 246 ivl

120 376 216 437 saepo
247 357 303 418 sub
334 357 458 419 insulsis
492 357 726 438 paraphrasibus
755 363 788 418 et
809 357 950 418 immixtis
985 356 1229 438 theologumenie
1264 361 1359 424 serius

122 446 220 506 enatis
243 443 347 504 latitat.
392 443 589 505 Pentateuchi
613 451 675 506 tres
699 448 821 523 exstant
843 442 1063 524 paraphrases:
1087 442 1359 509 Onhelosiesaec.

120 532 142 594 l.
165 536 233 611 post
267 528 330 605 Ch,
361 529 654 610 Pseudojonathanis
687 530 885 611 probabiliter
914 547 931 589 e
962 547 1044 591 saec.
1070 529 1142 593 Vlll.
1172 532 1222 594 vel
1246 532 1308 609 tx,
1330 541 1360 595 et

120 620 239 697 tergum
273 614 573 695 hierosolymitanum
603 614 814 698 imperfectum
837 634 855 676 e
879 621 1017 696 tempore
1039 617 1169 690 seriori;
1193 619 1360 700 propheta·

98 722 186 765 .rnm
219 701 380 775 (librorum
411 701 479 763 hist.
510 708 540 763 et
571 702 694 784 proph.)
724 700 903 765 Jonathanis
926 701 990 763 Ben
1013 701 1095 764 llsiel
1119 722 1136 764 e
1159 722 1244 767 saec.
1268 705 1289 767 l.
1313 712 1361 768 aut

121 789 176 863 ll.;
195 807 287 849 unum
310 787 588 870 hagiographorum
611 788 648 850 ab
671 789 785 869 ignotis
809 788 985 850 auctoribus
1009 786 1182 851 coniectum
1190 810 1200 865 3
1215 791 1360 871 Danielis,

121 876 216 937 Esrae
240 881 271 935 et
292 874 457 935 Nehemiae
480 875 593 937 nullum
615 876 663 949 ⁴⁵).

207 963 235 1021 d.
264 960 371 1022 Versio
384 961 540 1038 Pisonen,
561 964 653 1040 cujus
676 962 767 1041 oripo
791 961 864 1022 licet
886 969 973 1023 certo
996 962 1200 1024 determinari
1222 974 1362 1042 nequeat,

122 1070 147 1110 s.
171 1047 344 1126 Epicnemo
357 1047 436 1128 Sqro
460 1057 563 1110 tamen
585 1054 625 1121 (†
648 1065 715 1109 ann.
740 1045 812 1109 378.
836 1066 864 1128 p.
882 1045 952 1119 Cb.)
975 1051 1145 1126 antiquior,
1168 1051 1361 1112 verosimili-

123 1144 170 1195 trr
199 1132 537 1195 duduco-Christianis
566 1133 658 1214 Syris
691 1133 751 1195 snb
779 1135 873 1212 finem
905 1152 989 1194 saec.
1012 1132 1052 1195 ll.
1082 1153 1113 1213 p.
1137 1134 1189 1196 Ch.
1226 1135 1363 1213 debetur,

121 1222 227 1299 potins
249 1220 438 1282 eruditionis
460 1218 656 1298 reflectentis,
679 1238 771 1299 quam
794 1220 975 1282 traditionis
996 1222 1087 1282 vivam
1109 1239 1190 1302 opus
1212 1221 1363 1296 hebetum·

118 1315 285 1386 praeterea
317 1308 410 1366 etiam
442 1308 601 1369 versionis
634 1324 786 1387 qraecas,
819 1308 929 1367 rarius
963 1306 1146 1368 chaldaicae
1174 1326 1267 1369 usum
1292 1322 1361 1372 esse

120 1393 248 1471 faciani,
271 1393 386 1454 eruditi
407 1394 618 1471 sampicantur.

208 1480 238 1538 5.
266 1477 375 1538 Verrio
399 1480 498 1539 latina
519 1497 544 1539 s.
557 1478 748 1560 Hieronymi,
760 1496 841 1557 qnae
862 1479 975 1539 nititur
995 1479 1165 1540 traditione
1188 1478 1228 1542 ab
1251 1482 1361 1543 erudi·

124 1568 165 1629 tis
202 1565 336 1625 Jrsdasis
363 1564 654 1643 palaestinensibus
694 1573 842 1643 accepta,
876 1582 935 1625 nec
966 1583 1031 1626 non
1064 1567 1208 1627 examine
1242 1586 1361 1648 usuque

123 1652 344 1712 translationis
355 1649 592 1712 Alexandrinae
607 1659 638 1711 et
653 1651 846 1730 reliquarum
862 1652 955 1711 trium
972 1661 1035 1712 tum
1058 1655 1206 1729 temporis
1228 1663 1361 1716 eastan-

123 1739 200 1798 tinm
224 1738 402 1798 versionum
424 1735 569 1819 Aquilae,
592 1736 769 1818 Symmachi
792 1744 822 1797 et
842 1735 1066 1798 Theodotionis
1087 1737 1154 1812 aa).

208 1823 237 1883 6.
262 1825 493 1902 Antiquissima
515 1825 698 1886 versionum
722 1823 925 1884 arabicarum
946 1824 1205 1900 immediatorum,
1228 1825 1267 1886 de
1291 1828 1362 1905 qai·

124 1909 183 1971 bas
216 1912 296 1970 solis
327 1910 377 1969 bic
410 1929 513 1972 sermo
537 1928 606 1971 esse
635 1919 756 1990 potest,
790 1908 933 1986 confecta
955 1929 976 1970 a
998 1908 1118 1971 Saadia
1140 1911 1239 1986 Goon,
1261 1914 1362 1990 prima

124 2000 330 2075 qrammatico
365 1995 529 2069 hebraico,
553 2003 606 2074 qui
628 2006 770 2056 mortuns
793 2015 837 2056 es.¹
862 2014 945 2055 anno
969 1996 1182 2058 attenuans
1220 1996 1364 2077 Comple-

123 2085 218 2145 ctitar
240 2083 492 2145 l'metatenchnm.
516 2083 636 2143 isaiam
659 2091 688 2142 et
709 2082 832 2156 dabam,
855 2090 885 2141 et
902 2093 1035 2160 praeter,
1055 2083 1256 2145 traditionem
1279 2087 1362 2145 anti·

122 2171 266 2249 quiorem
298 2171 436 2231 continet
464 2169 562 2249 plura
581 2170 714 2248 propria
737 2177 835 2230 marte
869 2171 1057 2249 eacoqitata,
1091 2171 1221 2248 saepius
1243 2189 1362 2250 qaoque

123 2256 297 2332 artificiosa
320 2261 350 2315 et
372 2264 525 2317 contorta.

208 2340 253 2402 De
272 2360 332 2401 nen
349 2350 378 2402 et
394 2343 581 2403 auctoritate
600 2343 710 2402 harum
728 2341 909 2401 versionum
925 2350 1089 2418 sequentes
1106 2343 1233 2420 requlae
1250 2341 1363 2404 obser-

122 2427 244 2490 vandae
268 2435 360 2488 sant:

209 2519 248 2589 a)
273 2513 366 2575 anam
391 2514 538 2592 loquendi
560 2511 775 2574 hebraicnme
798 2512 997 2574 versionibus
1019 2515 1157 2591 antiquis
1179 2517 1364 2592 coqnitarns

123 2610 194 2661 ante
229 2602 335 2661 omnia
368 2599 426 2660 bas
457 2601 546 2678 ipsas
568 2598 665 2677 probe
698 2599 875 2677 intelliqas,
905 2617 1034 2660 necesse
1057 2609 1112 2661 est.
1158 2599 1239 2662 Huic
1262 2611 1364 2664 antem

124 2686 227 2747 labori
249 2684 450 2764 difficultates
473 2693 536 2747 inm
558 2686 700 2761 criticae,
714 2695 775 2746 tum
799 2687 974 2763 eaeqeticae
998 2685 1131 2747 obstant.
1153 2686 1363 2765 Difficultates

209 2775 246 2846 a)
269 2772 399 2832 criticae
429 2790 469 2832 ea
494 2770 674 2851 imperfecto
708 2779 812 2833 tectus
842 2772 952 2832 harum
975 2773 1154 2834 versionum
1176 2783 1261 2835 statu
1282 2793 1361 2853 pra·

123 2867 259 2918 manant.
304 2854 443 2917 Omnium
474 2857 604 2919 maxime
639 2862 740 2919 textus
770 2856 921 2918 versionis
951 2857 1178 2920 Alexandrinae
1200 2867 1360 2941 corruptus

124 2944 161 3005 ad
184 2961 241 3005 nos
264 2944 413 3023 pervenit,
426 2944 466 3004 ita
483 2950 516 3003 ut
538 2942 681 3006 subsidiis
698 2941 787 3004 nobis
811 2944 940 3005 servatis
956 2945 1010 3005 vix
1025 2962 1156 3024 unquam
1180 2946 1362 3027 originariae

124 3031 244 3111 puritati
278 3030 398 3091 restitui
431 3045 525 3109 posse
558 3029 718 3107 videatur,
748 3027 785 3090 ad
816 3044 905 3108 quam
940 3034 1042 3091 tamen
1075 3030 1176 3093 codex
1198 3030 1361 3095 Vaticanus

125 3116 263 3197 proxime
288 3115 439 3176 accedere
463 3115 707 3187 censetur***).
731 3113 792 3178 Sed
815 3121 847 3176 et
867 3114 1006 3195 reliquae
1029 3117 1200 3194 versiones,
1217 3119 1248 3179 in
1271 3119 1362 3200 polp-

123 3202 225 3283 glottis
236 3201 480 3263 Londinensibus
504 3207 679 3277 contentae,
701 3202 784 3278 crisi,
806 3201 890 3263 etin
913 3201 1019 3282 specie
1041 3203 1170 3284 repetita
1192 3207 1366 3268 manuscri-

125 3296 242 3366 ptorum
267 3289 430 3351 collatione
453 3287 601 3370 indigent.
644 3286 853 3367 Difficultates

120 3449 427 3461 ——u—

163 3538 190 3602 *J
211 3536 353 3605 Targurnim
378 3538 544 3589 inveniuntur
566 3536 593 3588 in
615 3533 705 3587 Bibliis
732 3535 871 3587 rabbinlcie
894 3533 1045 3603 Bomhergii
1063 3545 1089 3588 et
1105 3534 1245 3602 Bustorllii,
1270 3549 1298 3592 et
1315 3554 1364 3592 uns

211 3622 268 3656 curn
296 3609 417 3657 versione
436 3605 513 3657 latina
537 3606 563 3655 in
590 3604 748 3673 polyglottis.
785 3604 836 3657 cn.
859 3604 962 3656 Winer:
980 3603 1019 3655 De
1038 3602 1138 3655 Oncelo
1158 3605 1266 3674 ejusque
1286 3625 1363 3676 para·

211 3674 296 3741 phrasi
316 3673 398 3724 chald.
425 3674 492 3740 Lips.
511 3672 591 3737 1820,
619 3674 652 3725 de
679 3673 830 3726 Jonatbanis
848 3675 874 3724 in
893 3672 1092 3740 pentateuchum
1111 3674 1261 3743 paraphrasi
1281 3677 1364 3729 chald.

211 3744 286 3810 Sper,
305 3743 323 3794 l.
342 3741 568 3810 Emungam-1823.
586 3743 610 3794 t.

145 3814 190 3879 ’Ἴ
209 3810 1006 3934 llll.itt‘tttttuttttlt.tilullali'tlt
1025 3812 1365 3935 altitudinis:

209 3891 304 4001 {infidae
316 3896 414 4002 eedtem
438 3951 560 4002 versione
583 3955 634 3999 tum
655 3943 780 4018 οἱκριβεία
797 3896 971 4001 tudaegm'mq
981 3947 1217 4015 palaesimundum,
1235 3898 1290 4003 idm
1309 3920 1365 4005 stu:

210 4019 278 4070 dium
297 4021 411 4073 criticum
430 4021 456 4070 in
475 4016 655 4070 conservando
674 4027 744 4070 tmrtu
763 4018 882 4087 originali
900 4016 1069 4081 desideretur,
1089 4028 1115 4071 et
1133 4021 1232 4089 magnis
1251 4020 1366 4072 dillionl-

208 4088 302 4141 tatibus
320 4089 431 4141 obnoxia
451 4096 500 4151 est,
518 4088 659 4206 praecipue
678 4089 738 4154 qnia
756 4087 850 4138 desunt
868 4087 916 4138 alia
936 4095 1099 4139 monumenta
1111 4088 1277 4152 Samaritana,
1335 4105 1366 4142 ae

208 4173 257 4211 nos
273 4174 347 4210 nsum
365 4156 491 4227 loquendi
508 4153 583 4220 hujus
620 4154 706 4209 inlecti
724 4156 873 4210 edocerent.
893 4155 944 4207 Gir.
970 4157 1073 4208 Winer:
1091 4157 1130 4209 De
1148 4160 1275 4211 versionis
1317 4176 1366 4212 en-

208 4227 321 4278 tateuchi
339 4229 509 4279 samaritanae
526 4223 615 4275 indole
633 4223 777 4277 dissertatio
796 4226 1048 4295 antico-exegetica.
1066 4227 1134 4293 Lips.
1153 4226 1229 4279 1817.

130 4295 190 4357 ess)
210 4295 345 4364 Exenrplar
369 4296 419 4346 hoc
445 4292 585 4346 exhibetur
602 4295 627 4344 in
652 4294 765 4347 editione
784 4295 878 4347 Sixtina
898 4295 995 4348 Romae
1015 4295 1091 4359 1587,
1120 4310 1195 4364 quam
1214 4298 1282 4348 inter
1300 4297 1366 4349 alios

208 4364 294 4415 denno
317 4367 487 4433 recognitam,
512 4364 707 4417 accuratissime
727 4378 874 4431 expressam
893 4380 943 4417 una
969 4378 1026 4416 cum
1045 4366 1167 4416 versione
1185 4365 1263 4418 latina
1283 4366 1367 4418 Cara·

208 4432 249 4482 iae
269 4432 409 4485 Cardinalis
429 4432 603 4487 recudendam
622 4436 720 4487 curavit
737 4431 759 4483 l.
778 4433 806 4484 ll.
824 4434 909 4485 laser.
938 4433 1041 4485 Pertalis
1060 4433 1205 4486 leae—ta.
1224 4436 1241 4488 2
1260 4436 1321 4487 vall.
1341 4438 1366 4486 in

207 4501 231 4551 8.
251 4502 298 4551 nial
