2834 4896
85 219 148 288 108

83 393 142 456 alia
164 393 287 471 addunt,
320 392 379 459 alia
401 411 476 457 vero
509 410 626 472 eorum,
659 409 740 474 quae
762 410 872 455 revera
894 388 1015 469 adsunt,
1037 392 1127 473 plano
1148 392 1317 477 negligunt,

82 487 117 543 ut
133 479 254 542 tandem
276 480 405 562 prodeat
421 481 534 544 factum
550 499 626 563 pure
648 479 845 555 ordinarium,
857 479 907 540 vel
925 477 1062 541 doctrina
1079 495 1165 541 mere
1181 477 1319 545 humana.

83 600 126 613 -
148 566 256 647 Neque
277 566 309 628 in
330 567 407 630 locis
431 567 611 650 dogmaticis
643 567 760 647 absque
789 565 909 628 ratione
942 564 1116 627 sufficiente
1149 568 1321 629 sententiae

83 652 143 715 ulio
176 652 269 715 modo
303 661 484 735 separentur
514 660 566 717 aut
594 655 838 736 conjungentur,
872 669 962 733 quam
985 652 1023 713 ab
1055 651 1188 732 antiquis
1211 653 1322 715 iactum

84 744 149 815 est;
171 756 241 801 nam
264 738 368 802 Patres
391 741 514 822 antiqui,
537 740 588 802 vel
608 742 647 802 ab
669 739 838 820 Apostolis,
870 738 920 799 vel
943 736 981 800 ab
1011 736 1195 801 immediatis
1218 758 1322 802 eorum

84 824 240 906 discipulis
275 822 377 887 edocti
412 833 497 888 certe
529 827 610 888 scire
640 826 811 902 debebant,
836 843 896 906 qua
917 825 1037 887 ratione
1057 825 1091 886 in
1111 824 1193 887 locis
1216 826 1321 889 salte·

84 911 275 994 gravioribus
298 914 378 974 sacri
411 912 489 991 libri,
513 911 630 992 absque
661 912 866 975 distinctionis
896 910 992 993 signis
1025 909 1109 990 editi,
1140 912 1205 974 sint
1224 912 1321 975 inter-

84 996 257 1080 pungendi;
280 1016 310 1060 v.
333 1017 362 1079 g.
385 997 470 1060 Rom.
494 997 526 1075 9,
549 1000 578 1061 5.
601 998 622 1060 l.
647 1000 720 1061 Tim.
744 996 775 1077 3,
801 996 850 1059 15.
876 997 924 1059 16.

170 1083 200 1147 3.
222 1079 269 1145 Ne
298 1084 397 1146 aliam
428 1104 558 1161 power,
592 1105 686 1165 poam
708 1088 762 1165 pat
793 1102 906 1148 reoerc
926 1084 1036 1160 adest,
1070 1079 1175 1145 locam
1208 1082 1319 1146 labere

85 1178 226 1251 stataos3
249 1188 289 1231 rte
311 1171 490 1250 confundas
511 1175 621 1246 comas
642 1180 807 1235 contectas
829 1173 972 1249 species5
992 1188 1042 1246 ae,
1069 1186 1149 1249 qaae
1172 1171 1208 1232 ia
1226 1173 1318 1251 pria-

85 1258 181 1335 er'polr'
212 1274 296 1318 reeca
324 1261 430 1337 posito
461 1267 553 1334 seat,
585 1259 846 1321 secundariorum
878 1260 980 1319 instar
1012 1264 1151 1328 mactes,-
1186 1275 1263 1337 erpo
1284 1276 1318 1319 rte

84 1360 246 1421 supponas
267 1362 296 1404 o.
319 1362 348 1422 p.
371 1363 485 1405 aeram
520 1344 721 1422 historicam,
751 1344 806 1406 eor
836 1343 1078 1423 pspcltolopicas
1099 1350 1157 1404 aut
1178 1345 1318 1423 opticasr

84 1428 525 1509 historico-chronolapr'cam,
547 1432 603 1493 abi
630 1431 918 1504 historico-realis,
947 1428 1205 1508 chronolopr’cam
1227 1432 1317 1493 stric-

84 1516 203 1590 tiorem,
225 1513 281 1574 abi
303 1514 398 1576 latior
419 1517 518 1593 adest,
545 1526 575 1579 et
595 1521 662 1581 cr'ce
684 1536 787 1580 verso.
809 1515 949 1595 Denique

169 1600 199 1661 4.
222 1599 269 1662 Ν3
291 1600 487 1680 insererem
509 1613 673 1666 contectas
696 1603 736 1665 ab
758 1622 819 1664 asa
853 1601 1000 1682 loquendi
1020 1619 1157 1681 anquam
1179 1602 1316 1673 recedas,

84 1686 207 1747 etiamsi
240 1687 427 1766 sipaificatio
460 1693 557 1751 aerei
586 1692 699 1769 optime
726 1707 921 1768 conpraeas,
954 1688 1029 1748 usai
1051 1686 1200 1767 loquendi
1221 1696 1316 1749 uatem

83 1771 230 1848 adversa,
262 1774 334 1851 ipsa
355 1792 477 1855 paopae
508 1778 695 1857 etpmolopid
717 1783 748 1837 et
768 1774 919 1854 analopr'd
940 1775 1063 1852 liapaae
1084 1774 1316 1836 commendare·

83 1866 152 1928 tar‚·
173 1874 243 1919 nam
263 1857 442 1940 loquentem
463 1862 564 1943 potius
586 1879 674 1924 usum
695 1858 842 1943 loquendi
873 1858 1061 1941 respexisse,
1085 1877 1176 1939 quam
1200 1867 1315 1939 etymo-

82 1943 197 2025 logiam
227 1950 257 2006 et
287 1946 457 2029 analogiam
491 1948 633 2030 linguae,
668 1947 839 2009 firmissime
873 1962 1072 2029 praesumere
1105 1944 1200 2024 licet3
1234 1963 1263 2006 v.
1291 1963 1315 2026 g.

81 2030 189 2093 loson.
212 2029 243 2108 8,
266 2030 319 2093 46.
343 2031 490 2113 (ἁμαρτία
511 2034 543 2095 iu
573 2035 652 2116 sign.
675 2033 860 2110 mendacii];
892 2031 943 2094 lit.
968 2030 1019 2113 19,
1042 2030 1094 2096 24.
1118 2028 1272 2113 (κάμηλος
1291 2031 1315 2093 in

82 2114 160 2199 sign.
184 2116 349 2193 rudentis).

279 2355 308 2409 0.
326 2356 366 2409 De
385 2367 507 2410 contextu
533 2361 715 2425 remotissimo,
733 2375 782 2413 ssu
799 2360 833 2412 de
851 2359 916 2412 locis
935 2359 1066 2427 parallelis
1085 2360 1122 2423 lJ.

649 2558 680 2626 §.
703 2552 755 2613 62.

290 2685 362 2749 Quae
380 2684 440 2739 loca
459 2687 579 2737 dicuutur
596 2686 728 2754 parallelo,
747 2696 773 2739 et
790 2688 923 2757 quomodo
946 2686 1117 2740 dividuntur?

167 2825 254 2890 Loca
273 2828 431 2909 parallelo
452 2839 617 2908 uocantur,
630 2850 709 2912 qaae
732 2851 753 2895 a
775 2852 809 2894 se
832 2832 966 2895 invicem
988 2830 1317 2912 sustentandae

82 2913 194 2977 iisdem
215 2922 317 2978 tamea
338 2914 433 2978 rebar
455 2926 559 2998 cpont.
582 2917 628 2977 Ex
649 2917 707 2979 hac
730 2917 906 2981 delinitione
925 2918 989 2999 jam
1010 2923 1104 3001 patet,
1126 2918 1196 2981 locu
1220 2916 1317 3001 paral-

81 3001 141 3064 lela
164 3000 265 3080 quoad
286 3002 452 3082 materiam,
477 3022 557 3084 quae
579 3004 721 3085 utrinqne
744 3009 956 3085 pertractatur,
980 3011 1065 3067 arcto
1087 3003 1120 3067 in
1142 3023 1228 3086 nerra
1251 3021 1316 3069 esse

81 3089 197 3237 posita,
226 3087 301 3151 licet
334 3088 434 3170 quoad
463 3088 583 3170 locum,
616 3109 706 3172 quem
729 3098 896 3172 occupant,
929 3091 1054 3172 saepius
1086 3089 1199 3155 saltem
1230 3092 1318 3174 longe

110 3175 209 3238 istaut.

168 3259 408 3323 Parcllelr'rmas
423 3262 494 3340 jam
516 3279 593 3325 aero
1165 3318 1172 3329 .

170 3347 200 3408 1.
222 3348 347 3409 ratione
373 3347 474 3427 fonds
497 3356 547 3410 est
566 3346 618 3410 ael
649 3348 806 3426 ejusdem,
838 3348 892 3411 cel
919 3346 1114 3411 diuersorum
1145 3356 1318 3413 caeteram

83 3432 119 3495 st
141 3432 211 3494 loca
230 3432 390 3512 parallelo
412 3435 550 3513 ejusdem
572 3437 716 3498 caeteris
738 3442 821 3513 sart,
844 3435 888 3497 ad
908 3454 942 3497 se
965 3436 1097 3497 invicem
1129 3434 1319 3498 illustrando

84 3537 122 3582 eo
144 3520 261 3581 certius
284 3519 423 3599 caesari
440 3529 586 3600 possent,
608 3539 669 3602 pao
692 3524 796 3584 minas
818 3523 1055 3601 supponendam
1076 3526 1133 3598 est,
1164 3531 1320 3585 auctorem

84 3612 141 3667 eat
161 3603 225 3668 sibi
258 3606 490 3685 contradicere,
513 3616 570 3670 eat
597 3610 683 3670 dicta
711 3625 773 3670 rao
805 3617 988 3670 retractare.
1033 3606 1096 3667 Sed
1127 3607 1320 3671 diversorum

84 3708 205 3774 paopae
234 3691 423 3770 scriptoram
455 3692 526 3755 loca
554 3694 796 3774 parallelorum
819 3693 1037 3774 praeclaram
1072 3692 1320 3773 rapueramus

84 3777 191 3859 qaood
210 3784 396 3854 contectam,
419 3786 484 3840 tam
505 3781 612 3859 quoad
632 3781 839 3843 conditionem
863 3780 1018 3861 loqueatis
1040 3782 1227 3859 comparari
1245 3798 1320 3861 pos·

84 3873 159 3927 sant
180 3863 224 3924 ad
241 3862 413 3943 pleniorem
436 3864 534 3926 lacem
556 3867 653 3929 dictis
685 3864 926 3947 effundendam
957 3884 1031 3928 nom
1063 3884 1143 3928 aras
1177 3862 1321 3947 loquendi

84 3950 224 4031 ejusdem
247 3948 373 4030 llapaae
395 3948 506 4012 saltem
528 3952 562 4014 ia
583 3952 760 4016 substantia
782 3954 863 4015 taem
884 3952 999 4033 abique
1028 3955 1205 4032 persistere
1228 3951 1321 4026 debet,

84 4046 116 4100 et
136 4054 258 4117 paucae
291 4042 412 4097 tantam
444 4040 632 4100 mutationes
664 4038 880 4119 respiciendae
908 4046 1001 4116 sant,
1032 4038 1321 4119 311333133ἀίεοί-

82 4124 191 4205 plr'aac
221 4132 251 4185 et
283 4122 445 4201 culturae,
478 4125 546 4187 sice
577 4126 745 4207 temporis,
778 4128 845 4188 sice
886 4125 949 4187 loci
982 4125 1153 4188 diuersitas
1186 4124 1321 4188 adducit.

91 4312 393 4328 *—

125 4412 155 4479 ')
172 4412 271 4466 Nomen
289 4415 454 4482 parallelismi
476 4418 613 4484 repetitum
632 4425 672 4468 est
690 4431 705 4467 3
723 4416 819 4468 scholis
844 4416 1096 4480 mathematicorum,
1121 4413 1167 4466 ubi
1191 4413 1322 4468 adhibetur

173 4482 207 4534 ds
224 4482 308 4544 lineis,
328 4501 395 4552 quac
412 4488 438 4537 in
458 4486 550 4538 eodem
569 4485 647 4552 plano
666 4485 817 4553 aequalibus
844 4486 941 4557 ubique
959 4486 1048 4554 spatiis
1067 4502 1081 4537 u
1101 4500 1130 4537 so
1154 4485 1267 4539 invicem
1285 4482 1321 4533 di-

173 4559 270 4605 stuutoa
288 4553 437 4620 decurrunt,
456 4555 490 4609 ita
507 4563 535 4608 ut
551 4570 581 4608 se
599 4571 729 4624 nunquam
746 4563 862 4624 tangant.
