2834 4896
1233 250 1236 263 ¹
1263 210 1325 312 'abt

78 426 176 499 regno
209 407 314 476 mundi
344 425 437 476 suum
465 411 556 475 tribui
584 414 741 496 praecipit.
760 410 763 415 '
785 415 876 479 lesus
908 412 1120 482 auctoritatem
1150 438 1237 483 suam
1258 437 1321 487 non

76 501 244 582 interponit
266 499 467 561 terrestribus
491 499 649 583 regiminis
669 500 784 581 politici
806 502 910 583 rebus,
934 522 1036 585 neque
1055 506 1126 587 jura
1149 506 1320 588 princip'urd

75 587 241 670 dijudicat3
265 584 321 647 sed
348 584 525 665 simpliciter
546 586 711 667 praecipit:
736 586 885 666 „Reddite
917 591 1046 668 caesari,
1082 611 1160 672 quac
1185 594 1322 655 caesaris

77 676 206 741 sunt.“¹
236 671 381 734 Attamen
417 670 621 735 alienissimus
652 691 669 734 a
699 673 903 753 praedicanda
936 674 1047 738 virtute
1081 682 1167 740 merc
1201 676 1325 759 politica

77 759 252 841 emphatice
275 755 517 840 adjungit2-,Et
539 757 615 834 Deo,
639 777 718 840 quae
741 758 798 822 Dei
820 762 921 840 sunt,“
951 762 1093 841 innuens,
1117 764 1146 825 iu
1170 762 1230 831 illis
1254 770 1326 827 tan-

75 855 138 908 tum
162 842 371 908 obedientiam
405 842 617 925 denegandam
652 862 723 907 esse
759 847 895 924 caesari,
931 866 1010 928 quae
1033 847 1182 911 voluntati
1206 850 1326 913 divinae

76 932 294 995 adversantur.
337 930 437 991 Verus
466 930 569 1012 itaque
592 928 702 992 Christi
733 930 898 1014 discipulus
931 952 991 995 non
1024 944 1081 1011 est,
1117 937 1169 1017 qui
1192 936 1327 998 cilicium

79 1018 202 1080 caesari
223 1015 385 1094 reddendi,
402 1034 482 1097 quae
506 1016 641 1078 caesaris
665 1024 744 1094 sunt,
768 1018 972 1099 praetendens
987 1021 1051 1083 Deo
1076 1019 1220 1105 denegat,
1246 1041 1326 1104 quae

76 1106 134 1167 Dei
159 1108 242 1181 sunt,
267 1108 300 1165 et
320 1102 390 1164 uice
412 1119 513 1165 versa.
557 1102 656 1165 Verus
687 1102 796 1166 Christi
828 1104 994 1188 discipulus
1017 1105 1047 1168 in
1070 1100 1220 1187 omnibuis,
1245 1127 1326 1189 quae

79 1191 219 1253 caesaris
254 1194 334 1268 sunt,
369 1187 468 1251 fidelis
502 1194 550 1250 est
580 1189 715 1252 caesaris
749 1184 898 1268 subditus,
922 1199 953 1254 et
976 1211 1066 1273 quam
1101 1195 1227 1273 primum
1257 1194 1327 1256 talis

83 1295 156 1339 esse
192 1282 316 1354 cessat,
347 1292 439 1337 verus
470 1273 658 1337 Christianus
693 1293 765 1337 esse
788 1277 886 1339 desiit.
932 1278 1047 1351 Quodsi
1071 1297 1148 1360 ergo
1171 1280 1326 1360 principes

80 1362 197 1438 uolunt,
212 1368 247 1423 nt
269 1361 353 1423 cives
376 1363 421 1423 eis
443 1359 582 1439 reddant,
607 1379 685 1442 quac
709 1362 843 1444 ipsorum
867 1370 947 1443 sunt,
967 1363 1090 1435 faciant,
1103 1371 1136 1427 ut
1152 1364 1218 1428 Deo
1242 1365 1326 1435 dent,

84 1467 161 1530 quac
184 1447 245 1510 Dei
267 1452 346 1509 sunt.
391 1446 450 1519 oni
471 1446 568 1509 Deum
591 1466 653 1509 non
676 1449 770 1526 timet,
794 1466 896 1530 neque
919 1469 1026 1533 regem
1048 1449 1187 1513 honorat.

165 1561 199 1623 2.
226 1559 401 1640 Praecepta
422 1577 491 1620 cum
511 1561 681 1638 promissis
703 1569 872 1639 comparet,
892 1571 922 1623 et
942 1571 1135 1642 qrtaatopere
1158 1563 1235 1624 haec
1258 1562 1326 1624 iltis

87 1648 298 1726 respondeant
319 1653 349 1706 et
370 1664 408 1707 ea
430 1655 587 1724 superent,
611 1646 763 1707 ostendat.
787 1646 822 1707 V.
839 1666 868 1728 g,
883 1647 935 1709 Mt.
957 1649 988 1720 5,
1011 1647 1061 1710 8.:
1086 1648 1192 1725 „Beati
1215 1648 1327 1711 mundo

85 1733 190 1811 corde,
228 1732 370 1812 quoniam
400 1731 458 1811 ipsi
488 1731 584 1793 Deum
618 1731 795 1794 videbunt.“
841 1733 933 1795 lesus
963 1732 1013 1794 hic
1045 1734 1191 1814 postulat,
1215 1741 1248 1796 ut
1270 1752 1328 1797 cor

83 1828 222 1881 nostrum
245 1817 388 1878 mundum
411 1817 533 1879 sitnon
556 1823 670 1880 tantum
693 1819 729 1878 ab
755 1819 900 1880 obscenis
924 1819 1139 1899 cupiditatibus
1157 1826 1189 1881 et
1211 1837 1327 1882 carua-

83 1906 163 1969 libus
200 1904 380 1985 desideriis,
404 1903 460 1964 sed
484 1904 575 1965 ctiam
598 1922 614 1965 a
637 1905 786 1966 bonorum
817 1910 1009 1967 terrenorum
1032 1901 1155 1982 amore,
1176 1904 1328 1968 honorum

85 1991 242 2072 cupidine,
264 1990 481 2069 asupcrbiae,
515 1989 702 2065 iracundiae,
737 1990 879 2066 invidiae,
915 1992 947 2052 in
977 2009 1094 2073 genere
1127 1992 1166 2053 ab
1189 1992 1330 2055 omnibus

82 2078 229 2140 vitiorum
256 2077 500 2157 inquinamentis.
547 2076 663 2149 Quodsi
685 2077 777 2139 lesus
802 2077 895 2158 longe
918 2077 985 2155 alia,
1021 2096 1111 2158 quam
1141 2077 1327 2140 sensualitas

82 2163 230 2247 postulat,
255 2162 348 2244 longe
378 2162 461 2224 aliud
485 2163 574 2225 etiam
608 2162 754 2244 promittit
776 2164 957 2244 praemium3
990 2163 1017 2225 si
1042 2165 1127 2226 carni
1151 2164 1259 2226 durum
1282 2168 1331 2226 est
1379 2212 1401 2244 Ι.

87 2250 200 2312 Christi
224 2254 421 2330 praeceptum
434 2270 441 2309 ε
454 2248 584 2311 blundus
608 2249 667 2310 sis:
680 2250 798 2329 spiritui
821 2249 911 2312 dulce
934 2256 983 2312 cst
1004 2251 1209 2330 promissum:
1232 2250 1330 2312 baum

85 2336 216 2399 ridebis.
257 2335 353 2408 Quam
374 2335 535 2416 praeclare
557 2334 600 2397 illi
623 2343 789 2415 praecepto
813 2334 912 2398 hocce
934 2337 1117 2416 promissum
1141 2335 1329 2416 respondet!

88 2442 157 2486 nam
179 2421 293 2499 Deum,
329 2439 384 2484 ens
417 2423 628 2503 purissimum,
661 2422 782 2483 nonnisi
813 2422 936 2501 spiritus
970 2439 1064 2503 purus
1086 2421 1193 2485 videre
1216 2428 1329 2503 potest.

89 2508 238 2572 Omnibus
259 2510 363 2589 itaque
386 2509 501 2571 viribus
524 2507 700 2569 studeamus
720 2525 777 2570 cor
798 2513 936 2571 nostrum
958 2508 1104 2571 mundare
1118 2509 1157 2571 ab
1180 2508 1331 2586 omnibus,
1405 2513 1407 2518 '

93 2614 173 2676 quac
195 2594 268 2656 illud
291 2594 459 2675 inquinant,
475 2601 509 2656 ut
530 2594 637 2657 ridere
659 2593 750 2657 nobis
772 2595 930 2677 contingat
952 2612 1031 2673 eum,
1054 2595 1107 2676 qui
1129 2602 1179 2658 est
1201 2594 1334 2677 purissi-

92 2699 160 2744 mus
182 2676 317 2762 ideoque
340 2682 544 2744 beatissimus.
1319 2692 1322 2697 ·

178 2793 208 2855 3.
231 2794 397 2857 Salutares
431 2792 558 2874 effectus
586 2801 732 2873 eapoaat,
765 2810 844 2874 quoe
868 2812 909 2856 ea
930 2793 1149 2856 obseruatione
1172 2792 1334 2857 doetrinae

93 2881 260 2960 cujusdam
283 2890 483 2942 ertascuntur.
526 2879 562 2941 V.
585 2898 615 2962 g.
637 2879 689 2941 Mt.
713 2880 742 2958 5,
767 2878 835 2943 37.:
874 2879 938 2957 ,sit
960 2885 1061 2941 autem
1084 2894 1186 2941 sermo
1205 2875 1333 2961 ⁸r'res'te'r:

91 2967 147 3028 Est
170 2972 228 3041 est,
261 2984 323 3027 non
356 2970 447 3028 uon.“
494 2965 590 3038 Ouum
621 2966 777 3046 praeclara
814 2965 895 3028 iorct
926 2965 1008 3027 vitae
1038 2972 1163 3027 nostrae
1187 2965 1332 3043 conditio,

92 3055 117 3114 si
152 3069 260 3114 omnes
294 3051 365 3114 huic
394 3058 560 3133 praecepto
592 3050 827 3114 satisfacerenti
871 3050 920 3113 dd
953 3050 1044 3113 iidem
1080 3049 1249 3137 habendam
1277 3054 1334 3112 aut

93 3137 264 3201 iaciendum
288 3133 349 3200 non
372 3155 449 3219 opus
473 3143 558 3200 esset
579 3137 686 3200 dextra
708 3137 787 3214 data,
809 3155 871 3200 non
900 3136 1112 3219 jurejurando,
1135 3154 1205 3199 non·
1222 3134 1333 3217 sigillo,

94 3243 157 3287 non
178 3225 275 3287 literis
298 3242 334 3286 ac
357 3224 486 3286 testibus
510 3231 586 3298 eic.;
610 3223 706 3285 omnis
737 3223 820 3286 fraus
844 3229 874 3285 et
897 3223 1005 3301 dolus,
1038 3221 1167 3304 quodvis
1201 3221 1332 3297 manda-

94 3310 185 3384 cium,
208 3312 365 3391 quaelibet
389 3311 550 3388 simulatio,
568 3309 717 3388 adulatio,
741 3318 772 3372 et
793 3310 945 3377 seductio.
968 3310 1066 3372 omnis
1088 3308 1198 3373 mentis
1221 3307 1331 3395 reser-

94 3398 176 3460 vatio
199 3414 217 3459 e
240 3400 425 3459 commercio
448 3404 554 3459 nostro
578 3396 772 3473 exsulareut3
795 3397 826 3459 id
850 3397 958 3472 solum,
994 3394 1075 3476 quod
1098 3393 1333 3477 mens-cogitat,

95 3484 213 3545 animus
237 3485 338 3562 sentit,
361 3484 501 3547 voluntas
526 3483 672 3561 decrevit,
694 3483 797 3564 lingua
821 3479 1033 3544 irreformabili
1057 3479 1238 3543 certitudine
1262 3480 1333 3542 clo-

95 3575 251 3652 queretur.
275 3570 340 3647 Ast,
357 3570 435 3651 proh
460 3569 561 3632 dolori
582 3569 703 3631 ubinam
726 3569 804 3639 hacc
827 3574 932 3631 sancta
957 3567 1132 3650 simplicitas
1154 3564 1335 3639 inuenitur?

181 3692 212 3751 d.
235 3688 462 3771 Praeiudieiis,
496 3709 577 3771 quae
610 3686 765 3769 efficiunt,
798 3698 834 3753 ut
866 3689 1007 3751 homines
1037 3689 1071 3749 ia
1093 3687 1174 3749 solis
1194 3686 1335 3748 externis

94 3779 309 3857 acquiescant,
334 3785 493 3856 occurrat,
517 3786 555 3852 et,
577 3777 611 3837 ia
633 3794 693 3855 quo
715 3777 764 3837 rei
784 3775 881 3837 cardo
904 3784 1060 3850 careatur,
1091 3775 1218 3859 intereo
1239 3771 1337 3833 animi

94 3881 203 3941 sensa,
226 3867 343 3926 motiva
365 3883 403 3925 ac
426 3864 563 3924 coasilia
584 3861 696 3941 ubique
721 3862 860 3923 iocorum
882 3869 1001 3940 arpent.
1024 3859 1059 3920 V.
1083 3878 1114 3941 g.
1137 3858 1188 3921 Mt·
1211 3857 1241 3934 7,
1265 3856 1336 3918 tt:

97 3948 186 4027 ,Non
210 3949 318 4025 omnis,
354 3949 406 4031 qui
430 3948 501 4010 dicit
531 3947 618 4009 mihi:
641 3947 781 4024 Domine,
805 3947 953 4009 Domine“
979 3953 1037 4007 cto.
1060 3944 1178 4007 Nomen
1203 3942 1334 4020 „lesus“

94 4035 125 4097 in
150 4053 186 4096 se
211 4042 380 4113 spectatum
403 4052 464 4097 uon
502 4033 649 4114 majorem
676 4032 768 4095 habet
796 4036 867 4107 vim,
892 4051 928 4093 ac
952 4032 1080 4113 quodvis
1104 4028 1184 4091 uliud
1207 4045 1337 4103 noureu3

95 4122 322 4202 pronuntiatum
346 4123 448 4203 itaque
472 4119 588 4200 absque
611 4121 679 4182 viiia
702 4119 850 4181 inlesum
873 4117 943 4195 sule,
962 4119 1077 4196 ubsque
1100 4133 1217 4177 sununa
1241 4132 1336 4175 reva-

97 4208 197 4269 rentia
220 4212 252 4267 et
275 4206 476 4286 confidentia,
508 4207 625 4287 absque
660 4224 764 4267 amore
787 4205 914 4281 Christi,
939 4205 991 4284 qui
1013 4202 1156 4282 operibus
1179 4218 1214 4262 se
1237 4198 1338 4260 mani-

97 4292 208 4371 iestat,
236 4291 310 4354 nihil
342 4294 464 4355 omuino
493 4292 628 4375 prodest.
676 4292 732 4363 Qui
763 4311 798 4355 sc
829 4291 1030 4353 Christianum
1060 4287 1234 4368 profitetur,
1265 4285 1337 4365 quin

98 4380 192 4440 vitam
215 4397 288 4441 vere
312 4380 506 4441 christianam
530 4384 610 4461 agat,
635 4376 746 4440 inutilis
770 4386 818 4440 est
840 4393 958 4450 seruus,
990 4374 1040 4454 qui
1064 4393 1081 4434 n
1104 4392 1202 4453 regno
1227 4372 1337 4433 coelo-

98 4464 328 4548 rum-glorioso
352 4466 496 4528 exclusus
513 4465 545 4526 in
567 4464 710 4527 tenebras
735 4464 874 4546 ejicietur
897 4460 1146 4536 extori01·cS,ubi
1169 4459 1227 4521 erit
1248 4457 1338 4521 dctus

100 4557 136 4614 et
162 4550 277 4614 stridit
309 4548 467 4629 dentidm3
501 4550 552 4632 qui
585 4567 660 4612 vero
684 4548 794 4612 Christi
816 4568 877 4611 riou
901 4553 1014 4609 tantum
1037 4564 1148 4608 nomen
1171 4544 1261 4628 gerit,
1284 4540 1340 4605 sed
