2834 4896
1209 212 1272 284 tte

65 392 257 479 spondeant,
270 392 328 455 secl
349 397 379 454 et
400 390 541 453 catolonis
564 394 693 450 utentem
711 391 742 450 et
756 384 893 450 animum
907 382 952 449 od
972 386 1117 451 amasam
1139 408 1273 472 smine-

65 491 166 545 utent.
209 479 292 543 ilinc
313 479 426 539 mirum
447 494 510 538 uon
533 482 589 553 est,
612 476 731 536 nullam
753 476 912 553 bucusque
930 475 1090 553 prodiisse
1124 478 1273 541 librorum

65 568 219 631 blicorum
248 566 440 642 versionem,
474 580 553 643 quoe
587 562 731 624 omnibus
763 560 903 621 numeris
934 568 1018 622 esset
1046 560 1209 643 absoluta,
1239 575 1275 628 ut

65 653 157 717 cebit

600 841 631 911 s.
654 833 706 897 99.

489 972 642 1023 Versionnm
667 973 815 1037 censura*)

116 1112 240 1190 Quodsi
260 1117 424 1178 versiones
448 1116 581 1177 biblicae
605 1123 765 1179 ecstantes
781 1116 879 1194 juata
901 1132 1043 1177 normam
1072 1121 1272 1197 propositam

65 1202 257 1280 iudicentur,
277 1201 375 1281 facile
395 1211 499 1283 patet.-

121 1305 149 1366 t.
174 1310 322 1388 antiquos
341 1305 410 1385 fere
434 1325 550 1383 omues,
575 1308 606 1367 si
623 1305 707 1383 [orte
730 1307 889 1387 syriacum
898 1305 1052 1381 Pesciito,
1075 1303 1167 1368 illam
1179 1306 1272 1388 Sym-

65 1391 133 1453 tobi
157 1400 188 1454 et
208 1395 360 1473 quosdam
383 1393 482 1454 libros
512 1394 671 1454 versionis
692 1390 897 1472 Septuaqiata
927 1393 1090 1472 occipias,
1126 1392 1273 1456 laborare

65 1478 105 1539 tio
124 1476 271 1556 formam·
304 1498 377 1541 nam
400 1480 508 1542 literae
528 1479 710 1561 plerumque
733 1479 778 1539 ita
800 1478 985 1555 adiuuent,
1019 1486 1056 1540 ut
1085 1478 1153 1556 fere
1181 1482 1271 1543 nullo

65 1566 267 1642 rspicuitatis
288 1567 411 1627 radone
441 1564 549 1626 babitu
571 1565 615 1627 ad
643 1564 770 1626 oerbum
799 1564 952 1635 sennenn
985 1567 1112 1644 inopiae
1146 1566 1271 1646 linquae

65 1650 385 1729 iqiualisjrorissime
408 1660 614 1722 succurraut;
643 1649 809 1713 vocabulis
829 1651 1001 1729 polysemis
1032 1653 1146 1726 (multa
1169 1655 1272 1731 siqni-

65 1736 214 1811 otstibus)
238 1737 363 1799 easdem
385 1755 508 1817 semper
529 1754 623 1799 ooces
645 1736 845 1813 substituant,
869 1741 900 1798 et
921 1735 1007 1797 baud
1028 1755 1105 1798 raro
1118 1740 1270 1818 etymolo-

65 1838 110 1882 sm
129 1839 212 1901 prae
233 1839 295 1884 usu
319 1823 465 1904 loquendi
486 1831 665 1902 sequautur.
689 1821 749 1884 Sic.
773 1840 800 1882 v.
814 1840 843 1905 g.
867 1827 973 1882 contra
997 1822 1120 1904 genium
1143 1822 1266 1904 lirtguae

65 1907 185 1971 usionis
195 1907 305 1989 Aquila
327 1914 451 1989 praeter
472 1909 604 1971 studium
628 1908 865 1989 etymologicum
888 1913 990 1968 notam
1004 1908 1170 1969 accusativi
1185 1909 1270 1971 hebr.

65 1992 152 2093 iper
173 2012 432 2093 praepositionem
455 2031 524 2087 coo3
548 2011 667 2091 syriaca
679 2011 895 2073 Philoxeniana
916 2009 967 2072 vel
989 2011 1087 2092 ipsum
1111 2012 1269 2073 articulum

65 2113 115 2177 br.
139 2113 288 2197 peculiari
310 2133 390 2178 voce
413 2116 569 2198 exprimit3
592 2115 720 2197 Vulgata
742 2112 919 2197 particulam
941 2095 969 2154 'i
992 2121 1024 2176 et
1054 2112 1114 2191 bu,
1147 2115 1197 2176 ubi
1222 2121 1270 2177 est

65 2200 178 2269 iieium
202 2200 252 2262 vel
276 2201 422 2263 orationis
449 2202 596 2279 directae,
619 2202 668 2262 vel
692 2203 863 2264 sententiae
887 2200 1077 2281 objectivae,
1100 2219 1156 2281 per
1179 2203 1268 2282 quia3

67 2286 221 2367 rticipium
247 2288 428 2350 nonistorum
451 2306 633 2370 graecorum
664 2288 843 2369 plerumque
876 2304 933 2367 per
961 2286 1151 2368 participium
1173 2306 1269 2368 prae-

65 2372 144 2447 ntis3
166 2373 295 2434 verbum
318 2371 542 2453 incapacium,
566 2375 624 2437 etsi
655 2391 717 2436 non
751 2373 921 2455 praecessit
944 2374 1101 2454 quaestio,
1136 2391 1192 2453 per
1213 2391 1268 2434 re-

66 2458 203 2535 cudere,
227 2459 248 2521 l.
272 2459 340 2521 Cor.
364 2460 395 2538 2,
420 2459 472 2522 14.
496 2462 590 2523 verba
614 2461 692 2520 tosio
715 2467 746 2521 et
768 2456 972 2538 incipiemus,
996 2455 1109 2521 lieeta
1139 2477 1267 2521 numero

65 2543 138 2617 nrali
161 2539 200 2605 soi
222 2549 276 2605 soi
304 2542 469 2624 πνεύματος
499 2546 709 2627 dependeant,
733 2564 789 2627 per
820 2545 1006 2629 singularem
1028 2545 1137 2623 reddit,
1160 2545 1268 2624 sicque

65 2648 155 2705 psum
187 2630 346 2708 obfuscat;
380 2631 401 2697 l.
425 2633 496 2695 Tim.
526 2631 555 2712 6,
580 2634 630 2697 21.
662 2633 758 2695 verbo
791 2633 1043 2712 ἐπαγγέλλεσθαι,
1079 2631 1161 2713 quod
1195 2632 1268 2693 alias

65 2722 116 2779 ete
141 2718 232 2780 vertit
253 2735 309 2798 per
340 2719 527 2798 promittere,
558 2718 814 2802 significationem
849 2717 986 2798 profiteri
1009 2718 1178 2791 tribuitet
1201 2718 1267 2780 alia.

65 2818 81 2865 s
117 2809 222 2865 tamen
254 2804 371 2867 mendis
404 2805 506 2885 quoad
541 2804 678 2882 formam,
703 2824 743 2867 ex
765 2805 856 2867 nimio
880 2804 1033 2866 fidelitatis
1057 2804 1158 2867 studio
1182 2805 1267 2882 ortis,

65 2896 91 2951 ni
125 2888 317 2953 obstantibus
353 2890 513 2973 Vulgatam
535 2892 567 2953 in
588 2891 682 2973 longe
713 2890 850 2971 pluribus
883 2891 1020 2970 partibus
1049 2897 1080 2951 et
1110 2891 1140 2951 in
1173 2891 1267 2952 rebus

65 2975 181 3049 avioris
216 2978 360 3039 momenti
392 2984 598 3058 praestantem
631 2995 721 3053 esse,
751 2985 782 3038 et
814 2977 1019 3057 singularibus
1042 2976 1266 3056 praerogativis

65 3059 179 3136 nuere,
203 3063 314 3141 quibus
338 3080 444 3127 omnes
466 3064 601 3144 reliquas
623 3064 785 3126 versiones
807 3063 916 3124 latinas
945 3062 1038 3144 longe
1061 3067 1195 3143 superat,
1218 3060 1268 3123 vel

65 3146 281 3210 siAcatholioi
304 3148 516 3225 fatenturtt).

114 3249 233 3322 Quodsi
264 3256 366 3313 autem
401 3252 590 3332 antiquiores
623 3252 784 3315 versiones
814 3251 990 3333 justoplus
1022 3250 1158 3314 litorales
1182 3257 1262 3328 sunt,

79 3333 140 3396 hac
179 3337 297 3399 reione
327 3339 574 3419 perspicuitatem
598 3346 650 3401 aut
672 3340 780 3402 saltem
810 3339 899 3420 leges
931 3337 1055 3418 linguae
1089 3335 1269 3418 frequenter

65 3421 199 3504 gligunt,
224 3423 306 3503 quod
337 3430 437 3487 tamen
461 3426 673 3486 detrimentum
695 3443 754 3489 usu
777 3442 881 3487 earum
904 3424 1011 3485 critico
1033 3431 1267 3507 compensatur:

65 3666 96 3754 *j
116 3684 169 3738 cn.
187 3686 298 3742 Histoire
316 3690 424 3758 critique
443 3690 489 3742 des
507 3692 626 3742 versione
645 3689 679 3741 du
696 3704 819 3744 nonveau
828 3685 976 3743 Testament
992 3706 1040 3757 par
1048 3690 1160 3742 llicbasd
1170 3689 1268 3755 Simon,

113 3754 212 3809 Pretre.
230 3757 254 3808 A
270 3757 515 3810 noscendam-1690.

65 3844 93 3909 ⁵)
111 3841 233 3894 Brunati:
244 3843 284 3895 De
295 3847 409 3909 nomine,
420 3855 535 3909 auctore,
547 3845 727 3896 emendatione
741 3853 767 3896 et
779 3843 908 3897 authentia
918 3845 966 3896 Vul
987 3854 1053 3898 atae.
1066 3846 1181 3897 Viennae
1193 3845 1267 3895 1825.

112 3911 215 3963 Welte:
240 3913 453 3982 Reobtiertigung
477 3914 524 3965 des
551 3914 711 3965 kirohlicben
733 3913 870 3967 Ansehens
899 3914 945 3965 der
969 3863 1140 3967 lateinischen
1158 3913 1267 3980 Vulgata

112 3982 154 4031 in:
174 3979 299 4102 Theolog.
327 3983 523 4046 Quartalscbriit
550 3984 592 4034 2i.
610 3983 697 4051 lahrg.
721 3983 746 4034 3.
764 3983 833 4034 Heu.
861 3983 889 4034 B.
909 3983 1051 4035 Waltonius
1078 3984 1103 4033 in
1123 3980 1222 4049 proleg.
1241 3984 1267 4033 in

111 4048 254 4117 Polyglott.
293 4051 379 4104 ondin.
392 4051 422 4103 X.
442 4069 493 4119 pag
511 4053 552 4103 tn.
571 4052 610 4102 his
629 4053 743 4105 terminis
763 4051 1020 4120 celebratVulgatam
1038 4058 1163 4102 nostram:
1180 4050 1269 4114 „Licet

111 4131 178 4169 vero
197 4118 309 4171 deinum
329 4124 370 4188 (.)
388 4136 441 4172 non
459 4136 632 4188 agnoscamus
651 4123 812 4188 (versionem
830 4121 984 4189 vulgatam),
1009 4121 1095 4186 magni
1122 4127 1207 4170 tamen
1226 4120 1267 4170 ia-

110 4186 232 4238 ciendum
251 4198 276 4240 et
291 4205 344 4241 non
362 4199 459 4241 temere
492 4189 725 4256 proscindendam,
744 4198 797 4241 tum
824 4199 929 4257 propter
955 4188 1010 4253 ejus
1038 4189 1214 4255 antiquitatem
1242 4197 1268 4240 et

111 4270 189 4306 usum
216 4259 365 4325 generalem
390 4273 437 4325 per
455 4257 623 4310 Occidentem
643 4275 690 4326 per
706 4258 776 4310 mille
801 4274 898 4321 annos,
917 4265 968 4307 tum
987 4263 1092 4322 propter
1110 4258 1266 4323 interpretis,

112 4338 192 4391 quem
212 4324 398 4392 Hieronymum
422 4342 455 4379 ex
477 4327 574 4392 majme
599 4338 671 4394 parte
699 4329 879 4396 agnoscimus,
905 4325 1047 4375 doctrinam
1066 4333 1091 4376 et
1109 4324 1266 4391 fidelitatem,

65 4448 67 4455 ,
101 4406 197 4474 ‚quem-
206 4392 239 4445 de
257 4395 370 4449 ecelesia
388 4396 456 4447 bene
475 4397 600 4448 meruisse
618 4398 696 4465 gratis
711 4398 801 4447 animis
820 4393 968 4460 praedicant
987 4396 1181 4460 protestantium
1200 4394 1267 4445 doc-

113 4463 230 4513 meimet
256 4463 375 4518 Nominat
399 4463 494 4517 deinde
519 4463 625 4529 Beuum,
651 4464 788 4529 Andrews,
816 4464 932 4532 Fugiunt,
951 4464 983 4517 de
1001 4464 1068 4519 Dieu
1086 4473 1112 4516 et
1130 4465 1267 4518 Casaubo-

113 4542 176 4591 uum
192 4531 260 4585 inter
278 4532 431 4586 defensores
448 4531 525 4600 hujus
543 4535 679 4585 versionis.
