2834 4896
1246 200 1309 288 aas

71 396 240 479 conjungit,
264 413 346 477 quae
366 395 475 460 iisdem
499 394 639 458 facienda
663 403 714 459 aut
735 395 877 478 patienda
908 399 979 475 sint,
1009 396 1131 479 quando
1154 395 1192 457 ad
1214 413 1309 477 prae-

69 483 233 546 dicandum
253 482 453 565 Evangelium
475 484 507 544 in
529 490 624 546 totum
657 490 807 545 terrarum
830 482 937 546 orbem
971 483 1103 565 ablegati
1131 480 1254 561 fuerint,
1276 487 1311 545 ut

65 572 127 652 jam
149 587 234 631 nune
256 567 296 630 ad
318 569 552 631 destinationem
571 588 657 632 suam
674 588 710 632 ac
726 576 841 632 sortem
862 568 993 632 futuram
1011 569 1116 633 attenti
1134 567 1310 633 redderen-

68 663 124 719 tur.
172 655 234 719 Cir.
258 655 306 718 Jo.
328 655 360 734 2,
385 654 521 718 13-16,
546 674 614 719 cum
636 676 666 718 v.
690 654 740 718 17.

153 747 192 818 a)
216 741 377 817 Quaenam
412 745 629 823 interpretatio
652 744 715 805 loci
749 742 914 820 cujusdam
947 743 994 804 sit
1021 741 1249 825 pracferenda,
1272 760 1312 804 ea

67 831 227 907 nimrim,
250 847 330 907 qaae
349 830 478 909 praeter
500 830 566 891 elia
588 830 731 910 cognitae
754 829 907 909 loquentis
938 828 1082 892 idearum
1105 829 1311 892 associationi

66 918 159 977 onice
183 916 360 996 respondet.
404 915 439 976 V.
462 934 493 997 g.
515 915 562 978 bo.
586 913 618 993 3,
642 914 691 978 14.
713 916 840 977 verbum
861 913 1026 995 ὑψωθῆναι
1047 933 1110 978 non
1133 915 1172 977 de
1195 930 1310 976 ascen-

68 1001 158 1064 sione
183 999 295 1063 Christi
318 1001 350 1062 in
373 1001 504 1080 coelum,
519 999 575 1064 sed
598 1001 637 1064 de
661 1001 846 1064 exaltatione
870 1003 937 1083 ejus
959 1003 992 1063 in
1014 1020 1107 1063 cruce
1128 1001 1310 1085 intelligen-

69 1086 141 1150 dum
166 1104 250 1165 esse,
285 1086 358 1149 inde
391 1088 482 1149 etiam
512 1094 613 1168 patet,
645 1089 715 1170 quia
739 1107 765 1151 v.
791 1088 838 1153 15.
863 1088 988 1151 dicitur:
1024 1089 1085 1168 ,Ut
1115 1088 1224 1166 omnis,
1258 1086 1310 1166 qui

70 1172 171 1236 credit
192 1173 226 1235 in
248 1191 328 1247 eum,
350 1191 413 1234 non
442 1180 558 1255 pereat,
593 1175 648 1236 sed
671 1174 783 1236 habeat
804 1175 896 1236 vitam
918 1177 1113 1251 aeternam“;
1141 1176 1204 1255 Jam
1232 1190 1310 1235 vero

70 1260 146 1324 alias
170 1259 203 1322 in
224 1258 260 1320 N.
273 1260 306 1321 Τ.
325 1259 419 1335 salus,
443 1278 523 1340 qaae
545 1260 716 1324 hominibus
739 1277 796 1342 per
817 1261 907 1323 fidam
931 1260 1088 1343 contingit,
1111 1278 1173 1322 non
1196 1277 1311 1322 ascen-

71 1346 153 1410 sioni
176 1345 286 1408 Christi
308 1346 340 1407 in
363 1344 492 1424 coelum,
517 1347 572 1408 sed
595 1348 684 1411 morti
708 1349 774 1430 ejus
797 1348 828 1408 in
852 1367 945 1412 cruce
967 1349 1057 1412 tribui
1079 1346 1168 1409 solet.

162 1430 191 1494 2.
212 1431 249 1493 Si
270 1432 469 1512 inpartibus
491 1434 653 1496 historicis
685 1443 822 1498 attentas
841 1436 939 1514 faerit
971 1439 1126 1515 interpres
1148 1434 1191 1495 ad
1211 1450 1313 1495 noane

78 1519 220 1580 historici
248 1521 384 1598 speciem
406 1528 438 1581 et
456 1521 607 1599 prodam,
641 1538 701 1602 qno
736 1524 939 1584 narrationes
961 1522 1104 1602 sinpniac
1127 1520 1313 1601 conjunctae

77 1613 160 1681 sunt,
181 1610 282 1667 utram
313 1604 459 1666 videlicet
482 1605 560 1668 adsit
593 1606 850 1691 chronologicus,
881 1600 973 1670 roali's
1004 1627 1043 1670 an
1073 1607 1210 1690 topicus,
1233 1602 1314 1669 etsi

74 1690 160 1773 prior
180 1691 282 1753 locum
304 1689 406 1768 habet,
428 1711 500 1754 num
523 1692 561 1756 sit
585 1694 708 1769 arctior,
732 1712 770 1756 an
792 1694 900 1755 latior:
924 1695 984 1757 bac
1007 1695 1131 1757 ratione

161 1782 201 1853 a)
225 1787 408 1856 capnoscec,
443 1797 504 1859 qno
538 1781 647 1841 ordine
682 1781 783 1857 dicta,
813 1800 867 1843 res
897 1790 1003 1861 gestae
1034 1789 1065 1843 ct
1093 1787 1221 1842 coactas
1254 1776 1316 1838 sibi

73 1865 309 1940 moeruerint,
343 1873 374 1927 et
405 1866 635 1927 accuratiorem
667 1866 739 1927 inde
776 1884 962 1947 componere
995 1868 1111 1947 poterit
1142 1864 1315 1926 historiam.

73 1949 108 2011 v.
142 1968 175 2031 g.
206 1967 232 2012 s.
262 1949 363 2012 Lucas
394 1948 462 2012 Act.
496 1948 547 2026 12,
577 1950 691 2016 1-24.
727 1952 808 2014 Petri
841 1953 1053 2017 liberationem
1083 1967 1251 2013 coarcere
1285 1953 1317 2010 et

74 2035 233 2118 Agrippae
255 2035 340 2119 regis
362 2037 489 2098 mortem
510 2036 685 2100 immediate
717 2038 885 2123 conjungit,
914 2040 957 2102 ita
979 2045 1012 2101 ut
1034 2044 1164 2118 uterque
1187 2041 1316 2098 eventus

75 2121 188 2185 eodem
223 2139 302 2184 anno
334 2128 442 2203 quarto
477 2120 593 2186 Claudii
616 2124 683 2199 (44.
706 2144 735 2206 p.
759 2124 826 2201 Ch.)
859 2126 960 2187 locum
991 2125 1135 2187 habuisse
1167 2122 1317 2185 videatur.

75 2207 221 2271 Attamen
243 2226 268 2272 s.
278 2208 377 2271 Lucas
399 2209 431 2271 in
454 2210 575 2290 scriptis
597 2212 661 2273 suis
684 2210 809 2293 majoris
834 2211 962 2274 allectus
986 2229 1078 2273 causa
1103 2230 1120 2273 e
1144 2208 1318 2271 contrarie-

76 2301 138 2357 tate
170 2295 290 2357 oriundi
317 2312 429 2357 nexum
460 2297 575 2359 realem
596 2313 674 2378 prae.
694 2299 805 2359 ceteris
829 2298 995 2360 ohservare
1020 2298 1116 2377 solet3
1138 2296 1209 2359 hine
1231 2295 1318 2357 utin

75 2380 245 2463 Evangelio
268 2382 433 2445 narrationi
456 2382 495 2444 de
517 2382 642 2446 ioannis
665 2382 699 2445 B.
722 2384 875 2446 activitate
899 2382 929 2462 3,
954 2383 1069 2447 1-18.
1101 2384 1202 2447 statim
1234 2380 1319 2444 addit

77 2486 103 2531 0.
129 2468 181 2530 19.
204 2468 257 2530 20.
280 2469 404 2531 hrcvcm
426 2469 606 2532 relationem
630 2469 668 2531 de
692 2457 832 2550 ejusdem
853 2478 948 2549 sorte,
973 2486 1034 2551 quo
1058 2469 1155 2551 magis
1188 2466 1318 2530 illuces-

79 2560 126 2617 cat
161 2554 320 2617 antithesis
351 2555 431 2616 inter
465 2556 577 2638 agendi
607 2556 757 2619 rationem
788 2557 939 2620 variarum
976 2556 1131 2619 hominum
1165 2553 1318 2630 classium,

79 2641 129 2723 qui
164 2640 394 2723 praedicatione
425 2642 552 2705 Joannis
584 2644 659 2706 moti
694 2645 911 2725 poenitentiam
947 2648 1094 2725 egerunt,
1128 2646 1159 2703 et
1189 2639 1319 2721 Antipae

78 2728 174 2811 regis,
198 2728 251 2808 qni
272 2728 486 2810 objurgatione
508 2730 588 2791 illius
612 2735 711 2793 tactus
735 2730 909 2792 criminibus
934 2730 1049 2791 crimen
1083 2727 1216 2804 addidit;
1238 2727 1319 2789 inter

79 2814 262 2897 probitatem
290 2813 444 2896 Baptistae
467 2823 499 2878 et
521 2816 617 2878 tristia
641 2817 707 2898 ejus
740 2816 821 2878 fata:
844 2817 885 2878 ita
907 2814 976 2879 Act.
997 2815 1018 2878 l.
1042 2834 1068 2878 c.
1100 2814 1181 2877 Petri
1202 2812 1320 2877 libera-

80 2902 195 2963 tionem
227 2918 246 2962 e
276 2918 403 2964 carcere
435 2908 466 2964 et
495 2900 649 2986 Agrippae
679 2909 808 2964 mortem
840 2902 1013 2965 immediate
1048 2899 1222 2983 conjungit,
1258 2917 1319 2980 quo

81 2978 193 3050 danus
228 2986 285 3049 sibi
322 2995 493 3071 opponatur
529 2989 640 3051 servile
673 2989 757 3071 regis
791 2988 922 3051 studium
946 3007 1038 3051 aurae
1061 2986 1216 3069 popularis
1240 2983 1320 3065 apud

80 3074 229 3151 iudaeae,
252 3081 284 3135 et
306 3075 438 3157 superba
461 3074 625 3156 suiipsius
659 3074 846 3155 apotheosis,
873 3075 976 3137 verbis
998 3074 1187 3137 irridentium
1211 3070 1320 3133 adula-

80 3166 181 3223 torum
205 3160 504 3238 excitata3immanis
528 3162 647 3242 tyranni
669 3162 815 3241 injustitia
835 3168 867 3223 et
881 3161 971 3225 laeda
996 3162 1063 3241 ejus
1086 3177 1177 3222 mors.
1202 3156 1321 3232 Quodsi

80 3264 156 3309 vero
179 3262 233 3308 res
263 3246 305 3308 ita
335 3264 371 3310 se
402 3244 504 3329 hahet,
527 3249 546 3309 i.
571 3267 599 3309 e.
623 3248 659 3322 si,
683 3254 716 3309 ut
737 3247 768 3325 3,
794 3247 842 3310 19.
867 3249 919 3312 20.
953 3249 984 3310 in
1006 3248 1121 3327 Evang.
1144 3245 1256 3318 Lucae,
1279 3245 1344 3306 ita-

81 3333 148 3396 Aet.
174 3333 228 3411 12,
251 3331 391 3398 20-23.
414 3333 494 3396 dicta
518 3334 640 3397 embolii
662 3352 719 3397 seu
748 3334 949 3417 digressionis
971 3334 1068 3395 instar
1098 3330 1321 3401 consideranda

81 3426 173 3483 sunt:
196 3436 223 3481 s.
245 3418 363 3498 Petrus,
386 3427 419 3482 ut
441 3421 556 3502 antiqui
579 3420 710 3500 tradunt,
734 3438 813 3483 anno
837 3420 974 3484 secundo
988 3418 1103 3481 Claudii
1126 3417 1194 3496 (42.
1210 3437 1238 3499 p.
1251 3416 1321 3493 Ch.)

81 3504 209 3571 Romam
230 3506 337 3568 venire
360 3507 458 3586 potuit
479 3507 526 3584 1).
551 3506 613 3569 010.
636 3505 683 3569 Jo.
708 3505 738 3585 7,
765 3507 792 3570 1.
816 3526 885 3569 cum
907 3526 935 3568 v.
962 3505 1011 3567 10.

169 3593 209 3669 b)
230 3592 302 3655 Non
324 3592 489 3669 necabitur
510 3596 603 3657 oanis
625 3592 728 3656 dubiis
750 3595 788 3655 dc
816 3594 986 3674 antilopiis,
1009 3609 1089 3672 qaae
1111 3592 1193 3654 inter
1215 3592 1322 3654 diocr-

82 3696 140 3743 ros
161 3679 338 3759 referentes
360 3681 463 3742 locam
486 3680 601 3745 babere
624 3682 779 3757 oidcntnr,
801 3679 914 3761 quibos
936 3679 1094 3741 obnoxias
1124 3687 1208 3740 esset
1227 3679 1321 3758 ipna-

81 3784 179 3845 roms,
211 3766 309 3827 aliam
338 3768 527 3845 scriptoram
549 3769 645 3828 certis
666 3769 700 3829 in
724 3767 805 3828 locis
834 3765 975 3828 ordinem
996 3774 1028 3827 ct
1048 3784 1161 3827 nemim
1184 3765 1322 3826 chrono-

82 3852 219 3933 logicum
240 3853 419 3929 arctiorem,
442 3853 540 3915 oliam
563 3854 715 3929 latiorem,
738 3853 834 3915 oliam
853 3852 949 3933 plana
972 3853 1089 3914 realem
1110 3860 1166 3914 ant
1188 3851 1324 3930 topicam

81 3940 114 4000 in
135 3938 377 4001 munctionibus
400 3941 469 4002 sais
491 3958 560 4001 esse
583 3948 729 4001 secutam.
775 3937 835 4000 Cir.
858 3956 886 3999 v,
910 3959 939 4022 g.
971 3937 1097 4016 11121,
1124 3938 1149 3998 1.
1181 3953 1267 4015 seqq.
1292 3939 1323 3996 et

83 4024 142 4087 loe.
166 4025 270 4106 parall.
294 4042 362 4086 curn
384 4024 432 4087 1ο.
458 4023 508 4104 12,
533 4024 549 4087 1
575 4043 680 4106 seqq.;
703 4024 754 4087 Mt.
777 4025 830 4105 21,
855 4024 905 4092 12.
931 4044 999 4089 cum
1020 4024 1076 4086 Mr.
1097 4023 1146 4102 ll,
1166 4019 1303 4083 11--15.
1312 4040 1321 4097 3

83 4110 135 4175 llt.
158 4111 213 4190 21,
239 4110 288 4175 18.
311 4130 397 4194 seqq.
423 4130 491 4174 cum
512 4111 567 4173 lllr.
591 4110 641 4192 11,
667 4110 803 4177 12-20.

123 4417 156 4483 ⁴)
176 4412 229 4467 010.
248 4411 412 4467 Commentar
429 4413 494 4467 iiber
512 4414 564 4465 den
581 4412 655 4466 Brief
670 4413 741 4465 Pauli
769 4429 802 4464 an
821 4413 862 4463 die
880 4411 976 4463 homer
992 4424 1043 4461 von
1062 4407 1106 4491 Dr.
1125 4408 1217 4462 Adalb.
1235 4412 1322 4477 hlaier,

172 4483 310 4605 {foggin1
314 4498 372 4604 §aa
389 4483 432 4537 Dr.
451 4483 574 4537 Schwaru
593 4485 618 4536 in
637 4483 684 4536 der
701 4482 808 4551 Tiibing.
826 4480 913 4533 Tlraol.
925 4478 1119 4544 Quartalschnlt
1137 4480 1247 4535 18401.
1265 4483 1324 4537 11011
