2834 4896
132 170 194 239 {28

211 348 247 421 t)
268 342 442 425 poeticam,
472 343 578 422 sipia
601 356 661 403 suo
682 359 778 403 sousa
800 339 1017 420 manifestare,
1052 341 1202 425 aliosque
1224 345 1269 409 ad
1291 342 1362 410 tolio

129 434 342 497 recreauit.

166 453 242 582 p3
268 516 346 581 Οιιιιι
371 516 540 578 consilium
569 514 723 595 loqueatis
744 514 789 577 sit
807 512 860 591 id,
894 514 978 595 prod
1008 514 1139 596 loqueos
1169 517 1267 581 dictis
1300 523 1361 583 suis

125 607 248 687 efficere
271 601 350 681 uult,
373 604 416 666 od
437 602 531 664 lcoc
518 619 621 681 ipsum
643 602 750 663 omuic
771 603 927 663 orationis
949 601 1089 665 membra
1117 612 1278 684 spectent,
1312 626 1364 670 ue·

124 712 213 755 cesse
238 701 304 765 cst;
327 709 419 752 secus
442 690 524 750 euim
545 691 644 750 statui
666 688 800 765 drhcrct,
824 689 997 768 loquentem
1019 689 1071 750 cel
1091 689 1364 773 alisquepradcate

124 779 260 841 coasilio
282 777 402 857 aliquid
424 777 554 851 dimisse,
576 775 628 837 vel
649 775 776 835 consilii
797 776 849 836 sui
867 792 926 855 per
948 777 1108 838 oratiouis
1121 777 1292 840 decursum
1303 800 1364 842 esse
1396 814 1400 821 ,

124 865 270 940 oblitum,
304 863 386 944 quod
417 869 579 942 utrumque
602 879 623 922 a
645 860 757 941 quaeis
784 860 938 940 prudente
968 869 1017 923 cst
1045 860 1193 926 alienum.
1251 863 1366 939 Quodsi

123 970 199 1015 ooro
223 968 329 1012 oraues
351 951 505 1011 oratiouis
525 954 635 1027 partes
657 947 700 1009 od
721 949 889 1011 consilium
924 949 1077 1029 loqueatis
1099 962 1289 1030 coupruuut,
1313 972 1363 1015 co-

124 1045 211 1119 puito
235 1037 330 1098 hocce
352 1035 515 1115 multiplex
533 1040 656 1113 eloapa
677 1052 789 1096 cocum
810 1052 849 1094 aa
871 1036 1095 1097 seuteatiarum
1116 1038 1151 1098 iu
1171 1039 1364 1101 secouside-

124 1133 267 1187 rotarum
288 1124 338 1184 cis
361 1123 543 1184 accuratius
566 1120 809 1194 determinatum
830 1123 1364 1200 quieverououuisicocohulorum

120 1217 276 1311 potestate
300 1210 575 1270 etseuteutiorum
598 1208 710 1269 cirita
745 1206 952 1269 determinato
987 1207 1145 1289 interpr-,es
1177 1210 1225 1271 od
1255 1230 1362 1275 seusus

122 1299 215 1400 appui
216 1299 331 1358 tionem
353 1296 430 1356 euiti
449 1292 569 1375 potest:
593 1294 722 1355 consilii
744 1293 898 1373 loqueatis
920 1292 961 1355 ab
984 1313 1020 1355 eo
1042 1296 1237 1375 respiciendi
1256 1317 1364 1361 ueces-

122 1387 165 1447 sit
165 1404 202 1445 us
225 1384 258 1443 iu
281 1382 391 1443 oculos
412 1380 557 1442 incurrit.
610 1378 732 1442 llaecce
766 1399 841 1443 aero
873 1380 1048 1442 uecessitos
1081 1400 1146 1444 uou
1178 1390 1302 1446 tautum
1333 1386 1364 1447 de

122 1470 274 1551 peperoli,
296 1464 470 1529 sedetiam
492 1465 529 1526 de
552 1466 685 1545 speciali
707 1468 842 1527 coasilio
865 1466 966 1539 oalet;
997 1469 1109 1529 eteuim
1131 1456 1252 1551 scopus
1274 1490 1364 1551 peue-

122 1558 203 1619 ralis
226 1556 323 1616 totius
347 1554 420 1614 libri
441 1572 463 1615 o
484 1553 618 1614 coasilio
643 1552 833 1635 loqueatis
820 1572 854 1614 iu
876 1553 1013 1631 simpulis
1031 1552 1180 1634 portibus
1184 1555 1363 1639 plerumque

123 1640 250 1721 loupius
272 1640 377 1717 distat,
399 1656 491 1721 quam
510 1648 549 1702 ut
568 1657 682 1701 seusus
704 1639 816 1701 hartrat
838 1658 879 1701 eo
900 1639 1365 1716 illeoceuratedetermiuemr,·

126 1736 238 1791 contra
259 1744 335 1789 cero
357 1744 378 1787 o
396 1728 544 1807 maximo
566 1744 623 1787 seu
645 1726 779 1805 speciali
800 1726 937 1788 coasilio
960 1744 1075 1789 seusus
1097 1728 1297 1807 simpulorum
1320 1732 1362 1792 lo-

123 1832 231 1877 corum
261 1812 437 1875 immediate
470 1813 628 1891 dependet.
685 1811 772 1887 Quae
806 1812 985 1875 obseruatio
1011 1816 1185 1914 praecipue
1215 1818 1250 1877 iu
1282 1816 1365 1879 lihris

123 1900 246 1963 biblicis
267 1917 331 1960 uou
353 1908 403 1962 est
422 1899 616 1979 aeplipeuda,
638 1916 709 1960 cum
728 1901 847 1978 partim
869 1901 902 1960 iu
923 1901 1036 1961 iisdem
1058 1902 1143 1962 carii
1160 1904 1266 1965 variis
1287 1922 1362 1967 cou-

123 1988 208 2051 siliis
230 1987 316 2048 ducti
338 1987 516 2066 loquantur,
538 1986 654 2085 partim
676 1986 741 2047 siut
763 1966 957 2062 interillos,
993 1987 1047 2065 pai
1077 1986 1294 2051 diversissimi
1314 2010 1362 2073 pe·

123 2076 211 2137 ueris
233 2072 499 2152 comprehendunt
518 2072 678 2146 materias,
699 2080 830 2153 propter
847 2073 949 2137 solum
967 2072 1090 2152 formae
1112 2076 1269 2139 unitatem
1291 2096 1363 2140 cau-

117 2162 312 2241 p‘uactas,o.
336 2178 364 2241 p.
386 2157 564 2239 prouerbio,
586 2159 712 2239 psalmi

695 2382 725 2452 §.
749 2375 800 2441 te.

293 2532 426 2596 Quaenam
445 2528 581 2585 cammada
599 2531 732 2599 interpreti
750 2530 826 2583 ollcrt
843 2531 907 2582 ratio
933 2530 1034 2583 consilii
1051 2530 1205 2601 loquentis?

213 2691 300 2756 Ratio
326 2692 444 2755 consilii
467 2693 664 2773 interpretem
687 2692 799 2755 docet·
868 2700 871 2705 '

213 2778 251 2841 A.
274 2782 305 2843 si
326 2780 398 2841 sola
421 2781 490 2881 ejus
511 2782 596 2843 motio
619 2789 802 2861 specteturr
823 2778 983 2854 Ouaeaom
1006 2764 1226 2861 interpretatio
1249 2782 1296 2843 sit
1315 2799 1363 2842 re-

120 2866 276 2946 jicienda,
298 2866 356 2929 illu
377 2868 532 2944 mimirum,
555 2885 617 2948 qua
635 2867 777 2929 admissa
800 2866 929 2947 laqueus
951 2885 1088 2948 apeusae
1106 2866 1296 2967 imprudens
1317 2872 1367 2929 aut

126 2970 207 3015 sauo
240 2954 376 3015 coasilio
406 2953 573 3015 destitutas
605 2954 742 3034 copitari
769 2952 902 3029 deberet.
958 2952 1060 3028 Quare
1081 2972 1111 3015 v.
1135 2970 1163 3035 g.
1186 2953 1220 3015 in
1241 2953 1361 3015 achone

126 3038 298 3103 Ezechielis
331 3058 357 3101 c.
390 3038 439 3103 m.
471 3038 624 3121 descripta
657 3056 768 3103 sensus
798 3038 990 3103 immediatus
1025 3044 1074 3102 est
1103 3038 1306 3121 rejiciendus,
1338 3044 1365 3100 et

127 3126 276 3190 mediatus
310 3144 367 3189 seu
400 3125 587 3206 symbolicas
616 3124 779 3226 tenendus,
817 3127 888 3207 quia
917 3144 1010 3189 secus
1040 3126 1220 3208 prophetam
1250 3124 1364 3189 insarnl

127 3221 301 3296 correptum
336 3211 449 3293 aliquid
479 3211 613 3291 iecisse,
645 3210 708 3275 ima
737 3213 836 3295 ipsum
857 3212 956 3274 Deum
989 3212 1109 3293 absque
1131 3229 1207 3274 sano
1230 3212 1365 3276 consilio

127 3300 291 3383 quidquam
307 3299 507 3383 praecepisse
520 3298 612 3381 impie
630 3302 766 3363 statuere
779 3306 981 3383 cogeremur3
994 3300 1062 3380 quis
1077 3300 1157 3361 enim
1174 3314 1260 3361 sana·
1267 3304 1369 3389 mepte·

127 3387 283 3468 praeditus
304 3404 377 3449 uasa
409 3391 519 3448 suaet
549 3382 778 3467 supellectile
768 3404 799 3447 ιιι
816 3384 952 3467 plateam
974 3385 1125 3467 deportet,
1160 3384 1272 3449 damus
1296 3384 1368 3449 sure

126 3476 275 3555 parietem
297 3472 459 3553 perfodiat,
481 3476 525 3550 ut,
548 3472 621 3533 licet
639 3471 733 3553 janui
756 3479 889 3554 patente,
912 3488 970 3555 per
990 3469 1257 3535 loramcnlactum
1275 3486 1366 3555 agre-

128 3558 252 3622 diatur?
276 3559 343 3640 quis
367 3558 477 3622 faciem
499 3556 631 3636 velabit,
663 3576 704 3619 ne
727 3558 799 3638 quid
821 3557 935 3639 videat,
958 3566 991 3620 ut
1012 3559 1031 3620 l.
1056 3577 1081 3619 c.
1104 3556 1253 3621 Ezechiel
1286 3557 1366 3635 facit,

129 3652 160 3707 ct
183 3646 220 3708 ah
244 3645 311 3727 ipso
333 3644 400 3707 Deo
423 3644 530 3707 facere
548 3644 698 3726 jubetur?
729 3682 769 3692 -
799 3644 916 3707 Eodem
939 3644 1161 3722 madelmus,
1194 3640 1267 3705 dum
1300 3641 1366 3705 coll.

127 3730 182 3795 Mr.
207 3731 258 3809 ll,
284 3728 333 3807 ra.
358 3748 422 3812 seq.
447 3732 587 3795 esuriens
610 3731 648 3793 ad
671 3730 760 3793 licum
784 3738 998 3815 conspectam,
1034 3732 1092 3793 etsi
1123 3730 1205 3791 hene
1239 3728 1367 3804 sciehat,

126 3836 163 3882 se
185 3817 259 3880 nihil
282 3816 399 3881 hactus
420 3817 452 3880 in
475 3836 512 3880 ea
534 3818 725 3880 inventurum
749 3835 832 3896 esse,
855 3818 1049 3880 nihilominus
1072 3816 1222 3893 accessit,
1246 3823 1368 3879 etcum

126 3904 200 3967 nihil
222 3904 280 3966 nisi
304 3903 377 3967 lolia
397 3904 560 3983 inveniret,
584 3904 686 3966 arbori
709 3904 875 3982 maledixit,
899 3904 1118 3966 certeachone
1131 3902 1266 3965 hastata
1289 3898 1368 3965 aliud

125 3990 340 4075 quidinnuere
363 3988 467 4069 voluit,
484 4009 573 4071 quam
597 3988 680 4070 qrrod
703 3988 1095 4055 verbaimmedialesumta
1109 3988 1251 4066 edicunt3
1276 4004 1368 4053 secus

126 4078 207 4142 euim
231 4079 348 4159 alisque
370 4076 521 4160 prudente
545 4076 675 4138 consilio
699 4075 812 4157 aliquid
834 4074 950 4138 iecisse
974 4082 1059 4139 esset
1082 4074 1241 4138 dicendus.

211 4162 247 4226 B.
292 4166 328 4226 Si
349 4166 515 4228 consilium
537 4162 773 4225 determinatum
795 4163 1032 4225 consideretur:

215 4254 241 4312 1.
288 4248 462 4313 Consilium
500 4266 661 4312 commuue
693 4248 837 4311 omuibus
876 4250 984 4313 sacris
1023 4242 1233 4349 scriptoribus
1268 4245 1370 4319 docet,

125 4356 278 4419 quostiam
301 4340 334 4398 iu
357 4358 400 4399 ss.
426 4338 462 4398 lit
450 4338 526 4398 teris
549 4354 612 4396 uou
635 4337 701 4397 siut
722 4336 923 4415 petaereudc;
956 4354 1029 4398 uam
1051 4337 1082 4396 si
1103 4334 1192 4408 illud,
1223 4332 1370 4415 quod&

123 4423 268 4503 praeced
293 4422 502 4499 laudavimus,
525 4430 589 4485 tum
615 4420 661 4499 V.
693 4431 755 4483 tura
778 4422 814 4482 N
841 4422 870 4482 Τ.
895 4420 1078 4543 auctorihus
1096 4418 1166 4505 suit
1188 4420 1374 4531 consilium,

122 4510 248 4588 [crestio
269 4519 489 4589 quaereretur:
1324 4518 1343 4547 ι’
