2834 4896
1206 206 1248 269 95

99 380 281 445 Historiam
302 387 467 442 contestas
490 377 593 439 aeon
614 377 708 441 hahet
727 382 761 441 in
781 378 877 458 faeno
907 378 1067 442 historicis
1094 382 1252 461 capnion-

55 488 82 545 ι,
116 477 224 546 estque
246 468 304 537 oei¹
327 466 588 544 chronolopions,
610 466 639 525 si
661 469 826 545 temporis,
848 469 897 528 aet
922 467 1038 540 realis,
1061 468 1091 528 si
1112 469 1253 530 internae

55 554 241 627 nititodinis,
253 553 304 613 ael
325 555 457 630 topicos,
474 554 503 611 si
526 551 588 610 loci
608 554 691 612 ratio
714 552 867 613 habeatur
882 555 915 614 in
936 554 1001 613 tttts
1022 555 1252 616 conmotenais.

98 640 231 718 Optioar
254 640 385 718 deniqne
403 657 504 698 orans
526 637 640 698 adesse
662 638 786 713 diriter,
798 637 853 699 ahi
871 639 1043 718 prophetae
1058 641 1091 699 in
1111 641 1252 702 oracolis

55 729 81 789 is
103 735 236 787 creatos
255 727 390 804 propios
406 742 445 785 ac
468 724 618 784 renones
629 725 720 785 sitos
740 724 937 800 adumbrant,
948 726 1023 805 quin
1043 725 1252 805 intervalium,

55 813 98 875 od
119 814 202 875 inter
223 811 299 872 iilos
320 810 493 885 intercedit,
517 812 657 871 mouent

470 1088 475 1097 .
584 1028 613 1099 §-
634 1019 685 1095 53·

55 1178 85 1231 hs
103 1179 288 1246 cognoscitur,
312 1191 380 1246 quoe
403 1177 526 1228 aranonis
549 1174 682 1240 enjusdam
701 1184 796 1244 partes,
816 1192 868 1297 ipro
885 1192 967 1229 nexus
986 1191 1083 1246 genere
1102 1192 1133 1229 ac
1151 1180 1250 1246 specte,

436 1254 463 1296 et
480 1260 532 1313 quo
551 1245 633 1312 pedu
657 1245 815 1298 cohaereant

101 1407 143 1471 A·
160 1408 272 1470 Relate
294 1408 338 1469 aa
366 1407 514 1469 ambitam
542 1425 663 1470 neam:
685 1406 834 1485 Ejusmm
863 1411 1094 1488 propositionis
1126 1423 1180 1476 aat
1201 1414 1255 1475 di-

55 1512 142 1557 orsnr
160 1495 357 1574 amputarem
388 1494 527 1555 mensam
548 1494 592 1556 aa
612 1496 757 1567 eundern,
791 1503 823 1555 et
849 1496 970 1574 qaidem
1003 1499 1047 1558 aa
1079 1501 1256 1578 mammons

55 1583 170 1649 rtisrere
193 1589 380 1655 contectam,
391 1581 464 1658 iam
480 1598 521 1641 ea
542 1580 720 1658 definiaone
742 1580 836 1658 hajas
853 1591 948 1660 patet.
971 1581 1138 1662 Difficilior
1154 1596 1257 1648 autern

55 1676 65 1741 t
83 1669 237 1747 quassae,
252 1684 405 1746 quaenam
421 1669 454 1729 in
476 1676 623 1728 contenta
645 1668 806 1727 remotiori
822 1671 929 1745 posita
945 1670 1143 1747 cohaereant,
1153 1674 1257 1752 siqni-

55 1771 87 1815 rt
121 1754 253 1834 manem
282 1755 350 1833 ipse
380 1752 431 1813 aei
463 1751 537 1813 lihrr'
568 1762 680 1813 auctor
701 1752 736 1813 id
766 1770 830 1813 nan
851 1763 903 1814 rat
924 1754 1010 1816 ctare
1031 1749 1190 1820 indicarit.
1214 1790 1257 1805 -

55 1839 108 1901 rori
121 1858 156 1907 s.
179 1839 375 1918 Scriptorum
397 1841 430 1901 in
462 1840 567 1917 specie
599 1840 719 1913 attinet,
746 1849 868 1901 erraret
890 1842 1054 1920 interpres,
1077 1847 1107 1904 si
1128 1845 1257 1906 indiciis

55 1924 189 2001 iipoihne
208 1927 334 2004 plenam
356 1923 486 1986 traheret
504 1924 604 2002 fidem.
628 1924 720 1985 Tatio
740 1933 832 1986 sant:

103 2011 134 2073 1.
155 2009 277 2074 Nostra
308 2031 334 2074 s.
359 2020 463 2073 reatos
485 2011 518 2071 in
547 2011 654 2088 comta
677 2017 708 2071 et
728 2027 841 2072 uersas
871 2011 1004 2090 divisio,
1039 2020 1144 2094 utpote
1178 2032 1257 2095 quae

55 2114 120 2177 aue
143 2097 182 2159 ob
210 2097 285 2179 ipsis
317 2096 492 2159 auctoribus
524 2095 646 2158 hihlieis
680 2095 857 2174 descendit,
879 2115 938 2158 nec
960 2106 1009 2161 sat
1030 2107 1099 2181 epte
1121 2099 1257 2164 instituta

55 2186 86 2259 t}
115 2200 212 2265 saepe
235 2183 328 2245 enim·
339 2182 501 2263 disjungit,
523 2200 602 2262 quse
624 2181 726 2263 logice
750 2189 802 2243 out
834 2181 980 2247 historice
1011 2186 1196 2266 cohaerent,
1221 2195 1254 2251 et

55 2286 172 2341 ttraro
196 2270 361 2351 conjungit.
387 2286 467 2348 quse
490 2266 825 2347 separandaiuissent.

100 2356 133 2418 2.
158 2355 253 2434 Ipsae
276 2358 448 2417 divisiones
470 2355 555 2428 ittae,
577 2373 658 2433 qaas
679 2357 870 2415 recentiores
891 2375 909 2416 e
941 2355 1123 2437 Scripturas
1150 2361 1257 2423 edito-

55 2443 343 2517 rintradnaernnt,
366 2446 499 2520 atquae
523 2439 619 2519 aptius
643 2439 777 2518 quidem,
800 2457 862 2500 non
887 2447 987 2503 tamen
1008 2446 1048 2505 ita
1072 2452 1142 2507 sunt
1164 2446 1256 2508 insti-

55 2535 110 2604 tre,
134 2533 168 2588 ut
189 2544 288 2590 nexus
312 2527 460 2588 dictarum
483 2526 597 2605 ubique
620 2533 763 2587 accurate
787 2525 1049 2591 determinaretur.

100 2614 132 2675 3.
155 2613 392 2693 Inscriptianea
415 2613 484 2692 quia
508 2618 569 2672 tum
593 2630 610 2672 a
632 2611 763 2673 librariis
786 2629 848 2675 non
870 2631 940 2675 roro
964 2618 1171 2695 perturbatae,
1193 2622 1256 2679 tum

55 2701 236 2763 :recentiori
269 2699 390 2771 demum
426 2715 534 2775 manu,
569 2697 745 2778 etquidem
780 2698 829 2760 hic
858 2699 900 2760 ibi
929 2701 1038 2763 saltem
1072 2709 1120 2765 sat
1153 2703 1256 2785 inepte

55 2792 88 2861 nt
112 2786 264 2865 adjectae.

103 2870 217 2933 Contra
239 2887 314 2933 vero
338 2870 429 2947 dicte,
450 2870 587 2950 inprimis
613 2869 717 2950 logice
740 2876 771 2933 et
792 2870 937 2933 historice
969 2891 1109 2937 connexa
1132 2892 1258 2957 cogna-

55 2963 165 3023 untur:

85 3049 146 3124 a)
170 3044 221 3106 Ea
242 3045 360 3122 apertis
383 3042 584 3122 indutiisque.
602 3045 781 3105 orationum
802 3045 944 3106 aaardiis
962 3052 994 3106 et
1008 3046 1173 3123 ormesta,
1184 3064 1213 3107 v.
1229 3064 1259 3129 g.

55 3148 69 3195 a
92 3129 185 3206 4,·2.‚
206 3129 274 3193 call.
298 3146 366 3197 aum
388 3147 417 3199 ,a
432 3127 470 3197 -9,
493 3128 565 3195 Luc.
584 3127 642 3203 14,
667 3127 696 3190 7.
721 3127 789 3189 coll.
813 3147 882 3191 cum
904 3148 933 3191 v.
961 3132 1008 3192 rt.

102 3217 142 3293 h)
163 3215 193 3277 Ε
211 3216 381 3294 partientis
403 3222 434 3276 et
451 3213 600 3293 formetis
621 3212 886 3277 conanooamen
909 3218 1059 3295 ejusdem,
1083 3226 1141 3280 ant
1159 3236 1261 3281 norae

55 3304 174 3367 ationis
197 3303 319 3363 initiam
341 3300 561 3377 indicantibus,
584 3318 615 3362 v.
638 3319 667 3382 g.
692 3300 761 3363 coll.
783 3300 839 3363 hir.
863 3301 893 3377 7,
919 3302 946 3364 1.
969 3321 1038 3365 cum
1059 3320 1087 3365 r.
1111 3302 1140 3365 9.
1164 3322 1193 3365 r.
1219 3304 1262 3367 14

57 3386 143 3463 ‚i'i.;
169 3387 240 3457 coh.
260 3387 311 3449 nt.
337 3384 440 3464 13,1.
464 3388 585 3455 2..oum
607 3404 636 3449 u.
659 3386 689 3449 9.
711 3403 739 3446 r.
763 3384 814 3448 31.
837 3405 865 3449 v.
888 3386 939 3450 33.

99 3479 139 3550 c)
163 3472 214 3537 Ea
234 3476 354 3535 annoto
375 3471 620 3551 comitii„saeti.
636 3473 707 3550 toci,
730 3476 878 3552 temporis
900 3484 1261 3557 repensationem

55 3569 180 3642 mentes
215 3561 422 3634 inducantur,
454 3568 485 3621 et
513 3560 556 3619 ad
585 3578 665 3638 qaas
694 3560 745 3620 oei
773 3560 811 3620 de
844 3560 956 3639 qaibns
982 3561 1018 3639 fit
1039 3580 1142 3623 sermo
1152 3585 1165 3636 ;
1187 3584 1262 3626 nam

55 3649 148 3723 uois
171 3648 301 3707 motatio
324 3647 362 3707 in
379 3644 429 3707 his
451 3645 621 3707 obseruata
642 3647 752 3721 innuit,
774 3664 838 3706 non
860 3647 991 3707 eandem
1023 3650 1158 3728 amptius
1181 3669 1260 3711 oon-

55 3734 138 3807 prpri
162 3734 346 3807 orationem,
366 3732 515 3810 finitaque
539 3749 619 3804 esse,
642 3750 721 3810 qaae
744 3731 788 3793 aa
808 3741 987 3795 contentane
1009 3735 1139 3796 eandem
1158 3739 1262 3815 perti-

55 3828 121 3894 ont,
145 3834 174 3877 v·
197 3835 228 3899 g.
251 3816 271 3878 1.
297 3816 365 3878 Cor.
390 3814 419 3892 7,
445 3816 472 3877 1.
496 3834 584 3896 seqq.
608 3833 634 3877 c.
657 3815 687 3879 8.
713 3834 739 3877 o.
762 3816 790 3878 9.
815 3816 910 3890 ΜΗ,
925 3819 1063 3903 20--48ἶ
1078 3821 1112 3897 6,
1127 3820 1262 3896 1-18.;

55 3914 138 3981 ptru-
152 3913 269 3985 mosten
290 3903 361 3969 ,illa
390 3903 541 3980 adjuncto
574 3902 690 3964 diserte
724 3912 833 3966 notata
863 3913 894 3966 et
921 3914 1104 3968 constanter
1133 3915 1262 3969 serrata

55 3989 252 4064 rra-docent,
275 3990 361 4051 dieta
384 3991 431 4051 rio
453 4007 598 4050 connexa
620 4007 660 4051 ea
681 3998 779 4050 mente
814 3992 956 4053 auctoris
977 3991 1128 4052 historice
1150 4010 1264 4053 renero

55 4077 57 4125 ἲ
89 4075 235 4150 eandem,
257 4077 415 4157 pertinere
445 4092 640 4151 sennonem,
667 4076 714 4137 ita
735 4083 770 4139 at
798 4079 992 4138 conmariarn
1013 4094 1158 4138 asserere
1181 4078 1262 4139 idem

55 4172 111 4239 ret,
148 4174 253 4235 asma,
266 4163 453 4240 scriptorem
475 4170 532 4222 aot
563 4163 771 4239 ipaarantiae,
803 4171 859 4223 ant
889 4163 995 4223 laesae
1014 4161 1089 4238 fidei
1117 4181 1261 4243 arpaere.

55 4264 118 4311 mre
143 4252 282 4309 statuere
304 4265 367 4308 non
389 4246 473 4319 licet,
507 4244 616 4306 Christi
650 4247 820 4309 orationem
842 4253 1015 4308 montanam
1036 4245 1088 4307 Mt.
1112 4264 1157 4310 cc.
1181 4249 1208 4311 5.
1231 4250 1262 4312 6.

77 4333 318 4411 instructionem
340 4331 560 4412 Apostolorum
579 4330 635 4395 Mt.
649 4350 674 4393 c.
694 4331 755 4410 10,
777 4332 1017 4411 increpationem
1032 4331 1263 4397 Pharisaeorum

72 4416 332 4502 legisperitorum
359 4417 432 4479 ibit.
456 4437 483 4479 a
507 4415 569 4492 23,
597 4418 777 4487 ‚vaticinium
807 4417 846 4479 de
869 4416 1149 4496 Hierosolymorum
1173 4423 1263 4483 exsi-

55 4503 413 4581 ...sumundi-..interitu
430 4502 579 4571 ,ihidnco
603 4502 655 4565 ts.
678 4510 710 4564 et
731 4504 798 4567 th
815 4501 933 4565 ahenos
968 4503 1126 4568 munnere
1148 4515 1265 4588 partes,

207 4618 219 4645 Ο
