2834 4896
129 191 192 257 174

212 362 242 424 2.
266 360 351 436 Oeae
374 361 417 423 ad
438 360 700 424 eburacteristica
721 362 798 423 baec
817 363 975 442 pertinent
995 363 1199 442 quidem,sed
1214 364 1250 426 itt
1271 364 1366 427 aliam

128 451 265 529 liupuatn
288 450 381 510 saled
404 448 473 525 ejus
495 448 600 509 indole
623 456 771 509 accurate
793 447 964 527 transferri
985 457 1150 529 nequeunt,
1173 468 1201 513 v.
1221 468 1252 530 g.
1270 467 1364 528 pero-

127 536 299 609 nomasiae,
334 540 367 595 ut
397 533 513 596 Daniel.
546 531 596 610 13,
628 532 679 594 54.
703 540 735 595 et
756 533 807 594 55.
840 533 892 595 58.
916 542 948 597 et
977 534 1029 596 59.
1047 535 1095 614 4*),
1131 534 1300 597 allusiones
1339 542 1367 596 et

127 621 390 684 denominationes
419 617 655 700 etymologicus,
685 625 718 681 ut
742 617 853 681 (lenes.
877 619 908 698 2,
932 618 983 684 23.
998 619 1074 695 ’Ἧι
1107 621 1264 700 ejusmodi
1296 620 1366 700 for-

103 709 222 769 mulis
251 704 413 767 reddenda
440 713 533 782 sunt,
564 722 644 785 quae
677 706 721 768 ad
745 708 931 786 perecrinas
962 709 1106 786 proeime
1139 707 1306 769 accedunt.
1327 741 1365 753 -

129 794 220 870 Quod
241 793 351 854 attinet

213 879 244 940 3.
264 885 412 958 poemata
432 876 590 952 bebraica,
611 895 676 938 non
697 875 820 956 quidem
841 883 942 938 metra
956 880 989 940 in
1011 878 1086 940 aliis
1109 878 1226 958 linpuis
1247 880 1366 940 usitata

127 983 347 1046 quaecunque,
369 981 466 1043 neque
495 963 741 1025 homoeoteleuta
773 982 921 1025 versuum
944 964 1109 1046 (gereimte
1131 964 1247 1038 Verso)
1272 964 1365 1025 adbi-

130 1051 247 1128 benda,
277 1058 382 1128 utpote
413 1049 526 1128 quibus
554 1051 589 1110 in
611 1048 711 1111 libros
744 1066 857 1110 sacros
876 1052 1020 1128 poeticos
1042 1051 1164 1130 aliquid
1185 1048 1366 1129 inferretur,

129 1135 593 1218 quodebeisalienumes15
625 1143 762 1197 attamen
794 1154 856 1196 nvn
885 1136 972 1197 nuda
990 1154 1092 1216 prosa
1111 1138 1271 1213 utendam,
1296 1137 1365 1215 quia

128 1226 179 1285 sic-
199 1239 348 1285 numerus
370 1229 400 1283 et
420 1221 581 1301 rbptbmus
600 1223 744 1300 poeticus
765 1220 919 1283 Hebraeis
940 1224 1077 1284 usitatas
1109 1223 1346 1284 desideraretur
1353 1242 1365 1295 ,·

128 1310 201 1371 ltine
234 1326 342 1370 corum
369 1305 538 1388 probando
559 1316 607 1370 est
627 1309 800 1381 sententia,
833 1308 886 1386 qui
917 1315 1047 1369 metram
1080 1309 1277 1388 selipendum
1300 1327 1365 1369 esse

127 1402 270 1457 statuunt
285 1393 458 1472 jambicum
480 1401 536 1455 cat
557 1393 746 1469 trochaeum,
769 1395 882 1472 qnippe
904 1394 989 1473 quad
1010 1394 1053 1456 cd
1071 1413 1203 1473 prosam
1223 1396 1365 1473 prvaime

126 1481 258 1556 accedit,
281 1481 327 1541 ita
349 1486 461 1555 tamen,
482 1487 518 1540 at
537 1497 697 1541 numerum
716 1481 873 1558 poeticum
896 1481 992 1541 simul
1011 1480 1131 1558 referat
1152 1490 1183 1543 et
1204 1490 1305 1542 sonet.
1326 1513 1365 1525 -

127 1566 188 1628 Ast
208 1565 464 1645 quemadmodum
484 1565 576 1644 fidem
599 1566 738 1626 laederet
757 1584 880 1641 versor,
913 1568 944 1626 si
964 1567 1106 1647 neplecta
1128 1567 1266 1629 dictione
1290 1567 1365 1627 sim-

125 1649 207 1733 plici
224 1653 390 1730 scriptoris
402 1652 490 1713 sacri
507 1651 679 1731 elepantiae
694 1651 850 1713 classicae
866 1653 1024 1731 specimen
1038 1660 1311 1732 repraesentaret:
1323 1653 1366 1713 ita

213 1735 243 1799 4.
265 1738 485 1817 perspicuitati
500 1755 564 1798 non
584 1740 790 1816 prospiceret,
802 1739 833 1799 ti
846 1737 889 1798 ud
904 1746 1020 1800 teatnm
1043 1739 1230 1818 oripinalem
1252 1736 1367 1800 verba-

24 1890 27 1897 ,
129 1818 219 1885 lenus
241 1823 475 1902 exprimendam
497 1823 632 1885 indolem
656 1823 780 1903 linquae
801 1825 960 1887 versionis
974 1824 1069 1904 plane
1091 1825 1283 1904 nepliperet;
1297 1842 1367 1885 nant

125 1911 349 1990 proprietates,
379 1926 459 1988 quae
490 1910 615 1987 linpuae
647 1911 833 1988 pereprinae
855 1927 918 1990 qtta
938 1912 997 1973 tali
1018 1910 1200 1986 adbaerent,
1223 1928 1305 1990 qnae
1326 1908 1369 1971 ad

127 1996 363 2076 prcmmctt'cttm
384 1996 454 2072 ejus
476 1993 615 2056 babitum
633 1997 803 2074 pertinent,
826 2004 858 2058 et
878 1996 990 2075 quibas
1008 2004 1179 2075 propterea
1201 1996 1236 2057 in
1261 1996 1368 2075 linpuo

128 2083 287 2144 versionis
309 2081 388 2142 nibil
408 2090 556 2143 accurate
578 2081 757 2160 respondet,
779 2082 896 2160 neplipi
917 2100 980 2143 non
1002 2091 1122 2144 tautum
1142 2090 1289 2161 possunt,
1313 2080 1369 2142 sed

129 2167 249 2244 debent,
272 2168 346 2246 quia
369 2176 481 2228 auctor
502 2169 580 2247 ipse,
592 2168 622 2228 si
644 2167 751 2246 linpua
773 2168 931 2230 versionis
952 2169 999 2229 ati
1021 2169 1051 2231 et'
1072 2169 1366 2247 contipisset,certe‚

128 2273 167 2314 ne
197 2272 371 2315 sermonem
403 2271 495 2316 suum
524 2255 607 2314 risui
635 2262 820 2332 eaponeret,
844 2262 1019 2315 etecusam
1049 2274 1139 2315 suum
1161 2252 1366 2329 obnubilaret,

130 2460 171 2470 —
193 2425 244 2489 Ea
266 2426 359 2487 dictis
381 2425 478 2485 simul
495 2433 583 2504 patet
652 2434 655 2439 '

214 2513 243 2572 5.
267 2513 404 2572 maxima
440 2513 596 2571 versionis
626 2509 759 2571 biblicae
789 2518 898 2572 evacte
928 2511 1139 2589 conficiendae
1173 2510 1361 2589 difficultas;

129 2598 239 2659 etenim
260 2598 352 2675 fidem
375 2613 444 2657 cum
464 2597 688 2676 perspicuitate
706 2597 752 2657 itu
768 2599 965 2675 fontevraut
984 2599 1107 2676 utrique
1124 2616 1215 2659 suam
1239 2597 1363 2659 tribac-

128 2692 189 2759 tur,
212 2701 352 2744 summae
374 2683 455 2743 artis
477 2690 525 2744 est
548 2681 646 2759 labar,
660 2682 711 2742 cui
729 2681 866 2759 feliciter
885 2683 1075 2761 perficienda
1089 2701 1150 2762 par
1165 2701 1230 2744 non
1253 2685 1365 2757 eaistit,

127 2770 193 2830 nisi
214 2768 422 2848 sapacissima
445 2768 569 2848 inpenia
592 2767 737 2844 donatus,
754 2786 850 2830 sensu
871 2769 1021 2850 relipieso
1043 2779 1073 2831 et
1095 2769 1268 2831 aestbetica
1292 2768 1365 2830 sub·

39 2914 47 2925 ,
128 2855 275 2918 tilissimv
297 2856 464 2931 animatus,
487 2852 591 2933 amplo
615 2851 804 2915 eruditionis
826 2864 983 2935 apparata
1004 2856 1187 2930 instructus,
1211 2856 1247 2916 in
1268 2855 1364 2916 inter-

124 2943 315 3022 pretationis
336 2942 459 3019 nepotiv
480 2940 728 3017 versatissimus,
744 2948 774 3002 et
795 2942 1037 3003 accuratissima
1058 2942 1221 3020 utriusque
1245 2940 1364 3019 linpuae

128 3032 250 3103 (textus
271 3034 303 3090 et
323 3025 491 3101 versionis)
514 3027 692 3105 capnitivne
715 3026 956 3098 imbutus,·nam
976 3029 1030 3106 qui
1051 3026 1101 3088 bis
1123 3025 1252 3088 dotibus
1274 3026 1366 3088 unitis

73 3132 78 3141 ·
128 3121 227 3191 caret,
256 3131 414 3192 nunqnam
437 3131 473 3172 eo
494 3114 674 3192 perveniet,
706 3121 743 3173 ut
773 3113 806 3172 in
837 3111 1052 3174 abditissimos
1087 3113 1181 3193 quasi
1215 3112 1365 3192 loquentis

127 3218 274 3261 recessus
293 3206 444 3279 penetret,
467 3199 536 3277 ejus
568 3199 736 3277 capitcndi,
758 3198 914 3259 sentiendi
936 3205 966 3259 et
988 3198 1134 3278 loquendi
1155 3197 1254 3260 veluti
1276 3196 1363 3260 babi-

129 3294 192 3348 tum
214 3285 332 3362 induat,
356 3285 462 3363 sicque
486 3284 555 3361 ejas
574 3301 744 3362 personam
767 3291 876 3344 cavate
899 3284 1026 3362 referat,
1050 3293 1081 3346 et
1101 3283 1218 3346 talibus
1241 3284 1361 3346 tandem

128 3373 241 3453 ubique
263 3379 372 3432 utatur
394 3368 524 3432 vocibus
546 3387 584 3433 ac
602 3368 760 3448 formalis,
773 3388 852 3449 quae
874 3388 937 3432 non
959 3378 1078 3432 tantum
1100 3369 1222 3449 lapibus
1245 3369 1362 3449 liupuat

124 3535 455 3552 m

164 3623 180 3654 .
486 3640 493 3654 ,
824 3625 857 3638 ..
1046 3625 1053 3638 .
1203 3617 1211 3638 ι
1307 3628 1318 3640 .

179 3627 193 3691 )
212 3622 284 3743 llll
301 3622 516 3745 3333333,
530 3622 1258 3761 distillet,'tlllf‘tistldfflnvel,
1270 3640 1362 3744 ltili

216 3761 410 3827 deprehendisti
428 3762 496 3815 eos?
514 3764 559 3831 qui
574 3761 722 3829 respondit:
735 3756 789 3813 ino
808 3766 911 3830 notior.
930 3761 999 3815 Dixit
1016 3771 1102 3813 autem
1120 3761 1157 3812 illi
1167 3761 1277 3813 Daniel:
1288 3761 1364 3814 blanel

220 3846 251 3882 an
273 3829 328 3883 elus
345 3829 395 3881 Dei
413 3831 526 3900 gladium
544 3830 643 3883 habens
661 3835 760 3900 npivac
778 3849 807 3880 oe
823 3852 842 3890 μ
858 3847 912 3882 ooo.

151 3898 197 3967 “J
215 3907 238 3963 ll
263 3908 273 3966 i
292 3875 403 3998 llijss‘?
431 3893 526 3979 illim„
542 3906 573 3977 Ψ
592 3895 672 3991 Πῐξᾨ
690 3906 767 3990 &22³
784 3833 871 3991 ΜΕ.
893 3898 1061 3952 Alexandrini
1079 3913 1171 3951 sonum
1188 3897 1328 3951 verborum
1344 3902 1366 3947 et

219 4012 435 4064 denominationis
452 4013 579 4073 rationem
596 4012 673 4080 plane
700 4012 873 4081 neglexerunt
889 4011 927 4063 sic
945 4016 1092 4061 vertentes:
1111 4002 1181 4076 αὕτη
1206 4006 1365 4077 κληθήσεται

217 4077 293 4148 γυνή,
313 4073 358 4131 ὅτι
376 4081 403 4132 ta
411 4080 463 4132 τοῦ
482 4075 567 4151 ἁδρὸς
585 4077 670 4148 αὐτῆς
688 4077 798 4148 ἐλήφθη.
829 4078 990 4131 'theodotion
1010 4077 1227 4130 denominationis
1246 4080 1365 4130 tationem

217 4157 386 4217 praepostere
404 4152 443 4201 sic
462 4151 604 4217 expressit:
624 4146 787 4217 κληθήσεται
813 4148 912 4216 inune,
938 4140 982 4197 ὅτι
1005 4147 1032 4198 ia
1056 4148 1107 4197 τοῦ
1133 4142 1187 4196 vird
1206 4148 1235 4202 ὸς
1261 4144 1365 4215 ἐλήφθη.

218 4218 386 4282 Symmachus
413 4218 482 4270 bunc
509 4218 630 4271 in'ilnem
656 4233 753 4270 nomen
779 4216 842 4269 alias
869 4216 1015 4269 musimtum
1034 4209 1130 4282 deripis
1156 4166 1285 4267 adbibuit:
1303 4209 1366 4278 aben

218 4283 381 4353 κληθήσεται
404 4282 509 4357 vt'rdplt,
528 4280 573 4339 ὅτι
590 4287 618 4338 is
633 4287 686 4337 τσῦ
713 4281 815 4353 ἀνδρὸς·
831 4279 916 4352 abent
933 4281 1036 4350 ἐλήφθη
1055 4280 1135 4351 αὐτή.
1162 4283 1230 4350 Apte
1248 4283 1367 4351 Vulgata:

219 4353 375 4418 „Vocabitur
398 4357 506 4424 virago,
534 4357 655 4423 quoniam
679 4353 712 4404 de
736 4355 792 4404 viro
817 4362 899 4407 sumta
927 4353 999 4416 est,“
1025 4360 1051 4405 et
1076 4353 1212 4405 Germani:
1238 4351 1282 4404 Sia
1307 4349 1367 4403 wird

218 4423 329 4545 bbbbieb
340 4424 590 4561 gsspgntfflerden,
606 4422 668 4478 weil
686 4425 725 4474 sie
743 4437 803 4476 vom
812 4422 905 4476 Manae
923 4437 1080 4491 genommen
1097 4423 1137 4476 itt.
1164 4420 1216 4474 Gir.
1234 4421 1369 4473 Hermone·
