2834 4896
106 192 153 257 24

111 364 170 425 bus
198 360 346 434 laborat,·
363 362 451 438 ·jom
474 378 551 422 cero
579 363 701 441 scripta
729 366 842 423 nostra
875 358 1053 438 apostolico
1078 357 1236 435 ejusmodi
1258 358 1348 420 ealci-

104 449 183 512 -ltent
201 448 351 526 defectus,
374 449 428 526 qui
454 446 579 526 quidem
603 455 859 526 contemporant
882 446 1030 522 injuriis,
1053 453 1192 507 attamen
1214 444 1302 519 (coit
1319 450 1348 518 s.

104 540 229 618 praec.)
249 533 407 614 peculiari
427 542 650 594 scanciarum
672 533 807 594 consilio
831 533 983 611 oriqiaern
1002 531 1130 608 debeat,
1159 531 1293 610 ideoque
1316 532 1350 591 in

108 619 257 702 pluribus
282 619 431 698 partibus
458 637 522 679 non
545 627 681 699 possunt
704 636 769 679 noa
799 635 869 679 esse
905 616 1053 697 ambiqua
1075 625 1108 678 et
1140 616 1351 689 obscuriora;

107 707 150 783 a)
175 707 251 767 lieet
269 706 392 784 scripta
420 714 531 766 nostra
552 722 650 767 sacra
669 705 786 783 primis
812 702 984 764 lectoribus
1008 702 1239 778 circulatam,
1269 712 1352 764 tem·

108 809 195 873 pora
222 800 325 853 tamen
350 797 382 852 et
402 790 559 865 tortines,
603 790 713 869 linqua
743 797 775 851 et
802 789 905 871 stylus
929 789 1109 850 successive
1136 788 1352 864 mutabantur,

109 877 195 940 aa&
217 877 268 954 tit,
290 884 327 938 ut
350 895 375 937 s.
400 875 585 957 Scriptura,
615 892 676 955 quo
706 876 832 955 lonqins
859 875 992 936 lectores
1015 874 1056 935 ab
1088 882 1190 936 aetate
1219 875 1353 952 oriqinis

112 963 183 1041 ejus
201 963 313 1024 remoti
330 969 414 1039 suat,
432 961 660 1023 eo'obscurior
680 962 850 1039 reddatur,
872 960 965 1040 idque
993 978 1031 1021 eo
1059 961 1176 1039 acopis,
1210 959 1297 1039 quod
1316 964 1352 1034 c)

111 1056 156 1111 ss.
177 1049 288 1109 literae
306 1055 431 1127 partem
457 1047 618 1109 continent
640 1047 844 1110 reoelalimis
868 1046 1013 1121 divinae,
1035 1062 1117 1125 qaae
1136 1045 1355 1125 complectitur

112 1133 261 1196 sublimia
282 1142 313 1196 et
333 1133 493 1215 profunda
509 1132 570 1194 Dei
581 1135 730 1214 mysteria
748 1151 770 1195 a
784 1133 1006 1196 constitutione
1026 1131 1135 1192 mundi
1152 1130 1352 1206 adscmdita,

110 1220 303 1298 sapientiam
327 1219 423 1281 menti
445 1219 600 1285 numam
619 1221 821 1298 imperviam,
848 1236 909 1298 per
926 1216 1099 1297 prophetas
1123 1217 1352 1293 annuntiatam,

113 1308 147 1367 in
171 1304 295 1368 Claristo
314 1304 555 1384 manifestatam,
575 1323 636 1386 per
663 1304 835 1385 Apostolos
854 1303 1089 1383 praedicatam,
1118 1304 1152 1362 in
1174 1321 1271 1382 qaam
1293 1319 1354 1364 aa»

108 1391 177 1472 'qeli
193 1391 377 1453 desiderant
394 1392 580 1471 prospicere
597 1390 662 1461 (Mt.
687 1389 738 1470 13,
753 1388 806 1452 35.
827 1386 849 1451 Ι.
873 1388 942 1450 Cor.
964 1388 995 1467 2,
1019 1387 1049 1450 t.
1071 1387 1094 1449 1.
1115 1388 1197 1450 Petr.
1221 1387 1353 1463 t‚12.);

114 1480 189 1540 dum
209 1476 363 1537 nomines
389 1475 453 1539 siti
481 1477 563 1538 solis
589 1477 704 1553 relicti,
735 1484 772 1539 ut
797 1476 837 1537 de
863 1475 968 1538 variis
993 1493 1102 1536 eoram
1131 1475 1355 1555 praejudiciis,

113 1563 230 1626 stadiis
247 1580 287 1625 ae
315 1562 485 1628 desideriis
509 1562 592 1624 altit
620 1563 773 1639 dicamus,
793 1563 865 1641 jam
886 1560 927 1622 ot
949 1561 1127 1623 naturalem
1150 1578 1242 1621 stram
1265 1561 1355 1638 infin

25 1683 29 1693 ·
113 1651 251 1728 meatim
275 1647 422 1727 omnibus
448 1654 639 1710 communen
665 1650 700 1710 in
722 1648 818 1710 relius
852 1647 979 1710 alama
1007 1647 1131 1709 ordinis
1158 1647 1263 1727 napis
1290 1647 1354 1708 uri·

114 1751 215 1798 nusae
234 1734 425 1796 caecutiunt.
1103 1758 1107 1763 ·

113 1828 145 1836 ''
200 1818 232 1883 2.
253 1818 472 1899 Faperiendo,
505 1819 652 1882 diversae
684 1821 850 1898 nimirem,
875 1818 963 1883 toea
987 1836 1064 1880 raro
1097 1817 1161 1880 sibi
1189 1817 1355 1896 adeam,

110 1906 178 1969 imo
200 1913 231 1967 et
251 1904 410 1968 absurdae
429 1907 605 1988 impiaeque
626 1907 808 1984 sumendae,
830 1924 857 1967 s.
878 1906 1061 1984 scripturae
1081 1903 1163 1966 loeis
1181 1922 1243 1984 per
1263 1911 1354 1966 octo-

108 1990 216 2055 decim
236 1991 368 2055 saecula
389 1990 519 2054 abillis
549 1991 774 2071 interpretibus
796 1991 978 2070 subjectae,
1001 1991 1069 2071 qai,
1102 1991 1177 2052 licet
1204 2008 1355 2051 mnua-

114 2095 210 2158 quam
242 2094 355 2156 maqno
382 2077 570 2140 eruditionis
598 2086 757 2157 apparatu
791 2078 958 2154 instruenti,
992 2094 1053 2138 suo
1080 2085 1182 2139 tamen
1212 2077 1356 2155 ipsorum

110 2163 317 2227 indulserant
358 2163 492 2241 inqenio.
556 2162 608 2226 Sic
644 2163 707 2244 jam
743 2162 925 2226 Vincentius
960 2161 1142 2224 Lerinensis
1179 2160 1354 2223 commonit.

110 2267 147 2310 c.-
176 2248 206 2311 2.
238 2248 455 2327 conqueritur:
489 2247 632 2325 „Sacram
668 2249 853 2329 scripturam
894 2247 970 2310 alius
1002 2247 1091 2309 aliter
1122 2249 1354 2329 interpretatum

114 2334 207 2396 aliter
227 2350 358 2413 namque
381 2333 460 2397 illam
481 2333 678 2410 Novatianus‚
703 2334 791 2396 aliter
818 2334 977 2410 Sabellius,
1010 2333 1097 2394 aliter
1126 2334 1263 2395 Donatus
1296 2350 1356 2395 ex·

111 2418 216 2502 ponit,¹
236 2420 323 2481 aliter
344 2417 446 2497 Arius,
464 2419 649 2498 Eunomius,
664 2420 874 2497 Macedonius,
888 2454 929 2466 —
952 2420 1040 2481 aliter
1061 2425 1216 2500 postremo
1238 2417 1356 2480 Nesto-

114 2506 212 2569 rius.“
260 2504 407 2576 Quantum
436 2507 591 2567 nominum
622 2507 735 2569 seriem
763 2507 856 2568 hodie
880 2504 994 2568 addere
1024 2505 1204 2586 possemus!
1241 2503 1357 2577 Quodsi

119 2590 158 2655 ad
189 2591 457 2671 interpretationes
494 2592 700 2671 respicimus,
735 2610 810 2673 quas
857 2609 918 2653 non
954 2597 1068 2653 tantum
1108 2591 1231 2655 saecula
1259 2591 1357 2672 lapsa,

116 2675 173 2740 sed
205 2683 236 2738 et
266 2676 477 2739 recentissima
508 2683 644 2759 tempora
670 2697 711 2740 en
739 2683 825 2759 parte
854 2677 1101 2740 Aeatholieorum
1134 2676 1359 2759 parturierunt:

114 2780 219 2827 nonne
241 2780 347 2825 verum
369 2763 522 2825 inuenitur¹
542 2763 739 2827 Werenielsii
762 2764 801 2825 de
824 2782 848 2826 s.
871 2764 1027 2846 Scriptura
1050 2764 1183 2826 dictum:

324 2863 390 2927 „Hie
409 2864 541 2924 liberast,
560 2867 585 2915 in
604 2879 656 2933 quo
675 2867 775 2932 quaerit
794 2881 840 2916 sua
859 2864 980 2932 dogmata
997 2867 1117 2934 quisque,

323 2933 444 2997 „luveuit
462 2941 488 2986 et
505 2936 599 3001 pariter
617 2933 738 3001 dogmata
756 2936 865 3002 quisque
884 2934 969 2986 suai·‘

114 3020 208 3095 Quod
231 3027 316 3083 certe
337 3021 406 3083 fieri
427 3040 489 3085 non
511 3028 627 3106 posset,
658 3022 685 3085 si
707 3041 733 3086 s.
757 3023 913 3104 Scriptura
935 3023 1048 3103 ubique
1079 3029 1165 3085 esset
1192 3029 1241 3085 sat
1264 3022 1355 3085 clara.

118 3142 161 3157 --
183 3107 292 3189 Neque
316 3106 405 3170 deest

113 3227 116 3233 ·
205 3194 235 3257 3.
257 3193 481 3255 Testirnoniam
513 3196 618 3274 ipsius
650 3215 675 3257 s.
707 3195 890 3275 Scripturas
924 3196 1006 3258 idern
1044 3197 1256 3274 confirmem&
1289 3196 1358 3274 ipse

124 3281 206 3341 enirn
227 3278 451 3358 Apostolorum
481 3284 630 3360 princeps
658 3283 833 3361 profitetur,
867 3284 901 3343 in
931 3282 1075 3361 epistolis
1096 3282 1241 3342 Poulinis
1273 3300 1358 3342 norr-

119 3364 209 3428 nulla
243 3384 314 3426 esse
344 3365 533 3427 obscuriora
565 3376 595 3429 et
624 3369 694 3428 ideo
728 3367 873 3448 difficilia
905 3368 1077 3443 intellectu,
1118 3366 1224 3428 dicens
1258 3366 1290 3427 in
1324 3366 1357 3427 11.

121 3469 169 3532 ep.
201 3447 232 3527 3,
269 3449 325 3511 16;
360 3449 413 3527 „In
436 3452 545 3532 quibas
569 3453 723 3532 (epistolis
746 3454 830 3514 Pauli
851 3453 924 3534 Ap.)
956 3460 1026 3514 sunt
1049 3452 1199 3533 quaedam
1223 3451 1357 3513 difficilia

120 3534 294 3613 intellectu,
330 3554 409 3615 qnae
442 3536 557 3599 indocti
594 3544 625 3599 et
653 3539 818 3601 instabiles
853 3538 1029 3620 depravant,
1061 3540 1141 3600 sicut
1172 3545 1204 3600 et
1235 3544 1357 3600 ceteras

120 3622 302 3704 Scripturas,
326 3620 363 3682 ad
387 3638 472 3684 suam
493 3623 627 3705 ipsorum
643 3625 873 3706 perditionem.“
899 3623 1015 3697 Ouodsi
1033 3626 1097 3705 Jam
1120 3642 1196 3686 aevo
1218 3622 1359 3704 Aposto-

120 3708 218 3770 lorum
240 3707 271 3768 in
293 3725 333 3770 ss.
356 3707 512 3771 literarum
539 3710 790 3790 interpretatione
812 3710 944 3773 indoctis
966 3711 1220 3790 instabilibusqne
1243 3711 1358 3773 erroris

117 3795 210 3873 janua
233 3792 294 3855 late
317 3791 460 3874 patebat:
495 3804 608 3876 quanto
631 3799 728 3877 majus
752 3815 788 3857 ae
812 3798 1010 3878 propinquius
1034 3798 1146 3861 nostris
1170 3797 1357 3876 temporibus

122 3879 236 3942 erroris
260 3879 318 3941 erit
340 3880 525 3960 periculum!
560 3883 633 3955 Quis
666 3884 747 3946 enim
769 3889 815 3946 tot
843 3883 975 3946 saeculis
1006 3885 1043 3946 ab
1068 3901 1145 3945 aevo
1168 3883 1280 3944 biblico
1303 3901 1359 3944 re-

121 3972 232 4042 motus,
257 3965 324 4046 quis
348 3967 478 4051 exempli
503 3968 645 4053 Origenis
678 3984 795 4031 memor
825 3970 904 4033 adeo
935 3970 1073 4047 docimo,
1108 3969 1186 4031 adeo
1219 3969 1359 4030 stabilem

123 4069 159 4113 ae
182 4050 299 4113 firmum
321 4069 356 4114 se
380 4055 543 4132 existimet,
567 4060 600 4117 ut
622 4052 799 4123 aberrandi
822 4055 959 4136 periculo
983 4072 1055 4118 sese
1075 4055 1180 4117 credat
1203 4055 1359 4116 alienum?

122 4135 157 4200 Si
177 4137 266 4199 simul
287 4139 318 4200 in
341 4157 467 4202 censum
497 4141 621 4203 veniant
651 4140 803 4207 honrinum
827 4143 989 4210 multorum
1021 4141 1226 4224 praejudicia,
1259 4141 1385 4203 studia.

123 4240 160 4284 ae
183 4221 345 4302 desideria,
369 4225 475 4305 fastus,
498 4225 575 4289 lueri
599 4227 757 4307 cupiditas,
781 4247 860 4291 nova
883 4228 1005 4291 dicendi
1035 4234 1067 4290 et
1087 4227 1225 4310 litigandi
1246 4227 1361 4290 iibido:

121 4325 211 4387 quam
235 4309 359 4373 infirmis
383 4311 459 4373 fides
483 4319 586 4374 nostra
610 4312 758 4376 niteretur
779 4314 996 4392 fundamentis,
1030 4333 1047 4376 e
1071 4314 1137 4377 sola
1161 4313 1360 4393 Scripturas.

121 4393 241 4473 petitis!
265 4396 359 4468 Onam
383 4397 476 4459 variis
499 4415 558 4459 una
581 4404 612 4459 st
634 4405 760 4461 aeterna
784 4400 894 4463 Christi
926 4400 1063 4463 doctrina
1087 4400 1266 4463 commentis
1297 4399 1360 4461 hu-

82 4478 217 4576 demit
240 4480 438 4567 laceraretur,
463 4502 531 4545 eum
554 4489 655 4546 tamen
677 4483 771 4564 Deus,
795 4488 862 4567 rjus
886 4494 1003 4565 auctor,
1035 4504 1099 4550 non
1120 4487 1162 4550 sit
1182 4486 1266 4551 Deus
1289 4484 1358 4549 dis-
