2834 4896
85 194 148 259 106

168 368 199 430 3.
229 366 291 445 Oui
323 367 455 448 denique
485 364 710 447 prophetarum
743 368 876 431 oracula
910 373 1177 446 interpretaturus
1209 386 1323 429 mernor

82 463 144 531 est,
177 463 267 518 vates
297 473 411 517 sacros
440 456 545 534 optico
575 471 659 515 nemu
691 462 854 516 eventuum
884 452 1065 531 futurorum
1096 453 1324 516 delineationes

82 541 271 621 cunjunpere
294 542 409 604 solitos
431 559 511 615 esse,
533 557 598 600 non
627 558 795 620 perperam
827 549 953 617 statuet,
976 559 1032 601 eas
1067 539 1325 602 adumbrationcr

80 626 301 708 propheticas,
324 645 404 708 quae
426 627 676 706 conjnnpuntur,
707 626 787 688 hanc
819 628 923 706 ipsam
944 626 984 687 ab
1006 644 1138 688 cansam
1166 628 1325 706 pertinere

83 715 178 776 etiam
199 714 244 775 ad
264 714 388 792 objecta
408 721 545 793 tempore
567 730 688 792 quoqne
717 713 780 774 sibi
808 714 925 786 cicino,
959 731 1030 774 cum
1050 714 1084 775 oi
1105 730 1210 774 neone
1232 713 1325 792 oprtet

85 804 285 881 (prospectus
307 799 493 880 prophetici)
516 800 667 878 conjunpr'
698 801 803 879 utique
830 802 973 878 possint,
1004 816 1085 879 qnae
1106 800 1191 861 aaut
1212 800 1325 879 spatio,

83 888 131 949 ita
152 893 184 949 et
205 895 342 967 tempore
364 885 405 949 ad
428 887 563 950 inuicem
585 886 677 947 oalde
700 896 821 947 remota
843 895 924 949 sunt.

656 1115 687 1184 §.
710 1107 761 1171 6¹.

332 1244 449 1314 {legulae
466 1245 492 1296 in
510 1260 559 1296 usu
577 1253 714 1297 contextus
738 1245 875 1314 exegetica
893 1244 1081 1297 observandae.

173 1389 212 1451 Ut
233 1389 421 1463 commodis,
453 1407 532 1470 quae
567 1397 732 1451 contentus
765 1390 921 1451 orationis
954 1387 1153 1467 suppeditat,
1185 1388 1324 1466 potiatur

86 1479 253 1557 interpres,
276 1483 381 1537 rectus
403 1475 491 1536 illius
510 1476 568 1554 fiat
588 1495 676 1552 usus,
699 1476 795 1537 simul
815 1493 891 1538 aero
915 1481 946 1536 et
970 1476 1072 1536 omnis
1094 1481 1250 1537 caueatur
1270 1475 1326 1535 ah·

86 1581 175 1638 usus,
198 1579 327 1622 necesse
349 1569 404 1622 est.
449 1560 545 1636 Quem
567 1563 601 1622 in
620 1563 712 1641 finem
743 1570 872 1643 praeter
892 1561 1020 1640 reputas
1050 1561 1220 1640 penerates
1241 1567 1276 1632 §-
1297 1559 1325 1622 9.

83 1648 271 1728 propositas
292 1656 457 1726 sequentes
479 1647 685 1711 observentur

493 1833 521 1898 Ι.
546 1835 720 1898 Ganones
747 1831 922 1916 positivi:

174 1989 226 2052 Ad
246 2009 372 2053 sensnm
396 1986 553 2071 loquentis
575 1989 825 2071 capnoscendum
847 1989 1143 2071 opprimendumque

175 2078 203 2139 1.
227 2073 411 2139 Contentum
426 2082 464 2152 a)
477 2077 612 2157 sinpuh's
634 2078 790 2138 orationis
810 2077 959 2156 partibus
978 2079 1155 2157 proprium,
1167 2076 1206 2153 d)
1218 2077 1327 2158 uhiqae

89 2166 230 2226 locorum
252 2173 284 2224 et
315 2168 351 2235 c)
371 2181 432 2243 pro
463 2165 548 2224 omni
577 2181 639 2225 sua
667 2165 701 2224 oi
734 2164 891 2243 respicias
924 2172 1015 2242 atque
1049 2165 1233 2242 eupendas;
1262 2165 1329 2227 him

88 2268 226 2325 errares,
248 2251 279 2310 si
300 2255 336 2325 u)
357 2251 513 2310 notionem
535 2251 623 2311 oocr's
647 2256 703 2310 aut
720 2248 878 2328 formulae
901 2267 942 2310 eu
963 2249 1038 2311 aliis
1062 2251 1143 2311 locis
1164 2253 1332 2330 capritana,

87 2337 139 2399 uel
159 2352 287 2398 sensnm
306 2336 521 2416 propositioni
542 2336 576 2397 in
597 2344 683 2398 certo
706 2344 854 2397 contentu
877 2335 1089 2398 inhaerentem
1111 2337 1155 2399 ad
1175 2355 1216 2399 ea
1238 2339 1331 2399 etiam

88 2421 280 2500 transferres
314 2421 404 2498 loca,
437 2420 491 2482 ubi
512 2439 592 2498 aaa,
620 2421 762 2501 formula
783 2429 838 2483 aut
858 2423 1033 2502 propositio
1056 2422 1164 2484 eadem
1187 2424 1221 2483 in
1245 2422 1334 2503 lonae

87 2509 154 2570 otio
174 2527 258 2569 nean
278 2509 386 2587 posito
407 2517 477 2578 est;
500 2509 531 2591 si
552 2509 591 2587 β)
615 2507 759 2588 abruptis
780 2527 806 2569 s.
828 2507 1012 2588 Scripturoe
1042 2506 1145 2588 effoth
1166 2511 1216 2570 uti
1237 2511 1335 2573 uelles

88 2594 234 2656 adhunc
255 2593 307 2654 oei
328 2592 416 2654 illum
437 2595 622 2656 sententiam
642 2594 860 2672 probandam
882 2597 913 2656 si
943 2599 977 2673 p)
1000 2596 1063 2655 cim
1085 2603 1252 2657 contectus
1274 2598 1334 2661 tn-

90 2682 256 2742 mr'nneres.
302 2678 413 2741 Contra
445 2679 572 2761 primum
602 2680 771 2762 impingunt
793 2697 821 2740 v.
853 2699 883 2762 g.
918 2681 970 2760 qui
999 2681 1126 2742 verbum
1158 2679 1334 2760 timeamus,

90 2763 394 2848 ponderasti.
418 2764 524 2843 5,31.
559 2766 597 2828 de
632 2765 819 2829 exaltatione
843 2765 954 2829 Christi
985 2765 1022 2828 ad
1053 2767 1214 2829 dexteram
1235 2767 1332 2831 Paula

89 2851 212 2934 legitur,
248 2849 338 2913 eiiam
360 2850 408 2913 io.
432 2850 463 2929 3,
489 2851 537 2915 14.
560 2852 670 2915 eadem
703 2851 930 2935 significatione
963 2853 1163 2935 accicipiunt3
1186 2853 1263 2916 item
1284 2852 1334 2935 qui

90 2956 200 3001 vocem
221 2928 304 3017 γενεά
336 2937 464 3005 11124.
487 2937 600 3001 34..de
633 2957 711 3002 aava
733 2939 810 3002 iesu
843 2956 900 3002 seu
935 2938 975 3000 de
1001 2938 1156 3001 hominum
1178 2938 1257 3004 iesu
1280 2946 1335 3003 coss

93 3042 238 3088 aevorum
261 3030 362 3088 aetate
385 3024 548 3107 explicant,
561 3026 632 3106 quia
655 3025 729 3088 alias
751 3026 811 3088 hoc
834 3023 1007 3108 significatu
1029 3025 1212 3102 adhibetur;
1229 3033 1334 3089 contra

92 3111 219 3174 alterum
242 3128 305 3172 non
326 3117 442 3174 tantum
464 3117 632 3193 peccarunt
653 3111 757 3194 plures
779 3111 1017 3188 haereticorum,
1051 3111 1108 3174 sed
1131 3118 1213 3175 teste
1236 3131 1336 3195 expe·

91 3198 200 3261 nentia
234 3195 407 3260 adhucdum
429 3205 559 3280 peccant
580 3196 707 3261 levioris
732 3197 824 3259 animi
850 3204 901 3260 aut
930 3198 1019 3260 inscii
1051 3197 1202 3277 homines,
1226 3200 1280 3280 qui
1301 3197 1337 3261 ad

93 3284 209 3348 nelarie
232 3302 288 3347 sua
323 3282 435 3366 placita
471 3284 626 3365 probanda
660 3290 829 3366 provocant
851 3283 890 3346 ad
913 3282 1004 3347 allata
1038 3301 1127 3347 sacra
1150 3303 1167 3347 a
1192 3292 1337 3348 contextu

93 3389 150 3434 suc
174 3370 296 3445 avulsa3
319 3390 349 3432 v.
372 3390 402 3452 g.
428 3369 515 3449 „Non
538 3376 587 3434 est
609 3371 732 3447 bonum,
754 3369 907 3433 hominem
930 3387 1003 3433 esse
1025 3370 1144 3433 solum“
1170 3369 1284 3435 Genea.
1308 3373 1337 3449 2,

97 3456 167 3533 18.;
193 3456 318 3535 ,Omnia
342 3456 413 3519 mihi
435 3457 549 3520 licent“
573 3456 595 3521 1.
619 3456 687 3521 Cor.
711 3457 811 3535 6,12.
837 3456 887 3534 10,
904 3455 974 3532 23.;
997 3456 1057 3518 hoo
1079 3456 1171 3521 modo
1194 3476 1214 3519 e
1236 3458 1338 3523 verbis

93 3542 202 3605 Psalm.
224 3540 338 3620 41‚1.:
364 3543 451 3623 ,Non
474 3551 522 3606 est
538 3543 654 3622 Deus,“
677 3544 726 3606 vel
749 3543 914 3607 atheismus
937 3543 1061 3624 probari
1084 3549 1202 3625 posset,
1224 3545 1253 3608 si
1276 3562 1337 3607 nan

95 3627 270 3693 attendatur
303 3628 341 3689 ad
372 3630 610 3712 praecedentia:
636 3629 738 3709 „Dixit
765 3630 913 3712 insipiens
935 3630 967 3691 in
990 3628 1085 3692 corde
1108 3632 1205 3705 suo“;
1239 3628 1340 3713 quoad

97 3714 218 3778 tertium
251 3712 492 3794 hallucinantur,
527 3718 579 3798 qui
609 3717 720 3795 Joann.
749 3714 779 3794 7,
804 3715 855 3779 17.
886 3717 917 3778 in
948 3714 1076 3778 lormula
1110 3715 1265 3779 secunda:
1290 3710 1340 3777 ἀπ’

95 3803 223 3882 ἐμαυτοῦ
245 3802 502 3881 praepositionem
521 3800 582 3864 dni
599 3803 721 3884 quidem
744 3803 783 3866 de
807 3821 900 3865 causa
923 3801 1079 3864 alliciente
1102 3820 1159 3864 seu
1182 3801 1222 3864 de
1245 3801 1342 3879 fonte,

96 3890 128 3951 in
161 3887 256 3969 priori
289 3904 364 3949 vero
388 3889 420 3948 in
442 3892 496 3949 rot
520 3893 597 3950 θεοῦ
607 3936 615 3967 ,
651 3907 730 3970 quae
764 3889 851 3951 alteri
883 3887 1069 3969 respondet,
1092 3887 1177 3950 etin
1200 3887 1343 3952 antithesi

98 3994 167 4038 cum
189 3972 240 4037 illa
262 3974 361 4054 posita
385 3980 443 4051 est,
463 3975 721 4056 praepositionem
745 3978 776 4035 ἐκ
800 3975 839 4037 de
863 3975 986 4055 objecto
1010 3973 1183 4057 intelligunt
1204 3993 1244 4038 ac
1266 3974 1343 4039 red·

98 4061 189 4124 dunt:
213 4060 260 4123 Ex
282 4060 479 4122 meditatione
503 4060 542 4122 de
565 4060 643 4124 Deo.
666 4060 791 4143 Philipp.
816 4062 846 4140 2,
870 4061 899 4123 6.
924 4058 954 4122 7.
975 4059 1026 4124 Mt.
1048 4060 1102 4138 25,
1125 4057 1177 4122 46.

184 4147 214 4209 2.
237 4148 273 4208 Si
295 4149 448 4227 inteprum
472 4146 586 4209 librum
607 4149 811 4228 interpretari
840 4149 1016 4223 desideras,
1039 4156 1126 4209 tuum
1148 4164 1219 4208 esse
1242 4148 1342 4210 scito:

186 4236 224 4307 a)
247 4235 359 4294 seriem
391 4235 641 4313 propositionum
671 4233 918 4310 cohaerentium,
952 4251 1031 4314 quae
1062 4240 1159 4295 totum
1193 4233 1344 4313 efficiunt,

101 4337 301 4400 copuosoere,
325 4329 356 4382 et
378 4319 471 4382 talem
494 4321 668 4381 sectionum
690 4321 787 4382 totius
810 4323 913 4382 instar
936 4328 1083 4395 tractore,
1114 4318 1195 4399 quod
1220 4319 1343 4401 quidem

106 4405 233 4468 efficere
265 4402 383 4468 facilius
416 4412 464 4468 est
491 4404 630 4467 inlibris
664 4404 837 4483 historicis,
872 4404 1024 4467 difficillus
1047 4423 1122 4466 vero
1157 4405 1186 4466 ln
1221 4407 1344 4486 scriptis

105 4489 264 4556 didacticis
276 4509 285 4564 ;
