2834 4896
1285 190 1329 259 37

176 363 204 425 1.
226 361 388 445 Nepotivc,
404 374 558 445 quotenus
580 367 639 429 ulli
653 386 679 428 s.
693 366 880 446 Scripturas
903 370 982 445 loco,
1005 370 1059 448 qui
1080 386 1151 431 vum
1173 368 1327 430 chrismo-

86 452 134 511 nis
156 451 232 527 fidei
254 461 284 514 et
316 471 435 514 morum
468 453 621 516 doctrinis
648 455 682 513 in
710 473 794 515 neca
825 455 951 532 positus
979 463 1043 527 est,
1076 455 1170 516 talem
1199 472 1328 515 sensum

84 535 201 613 subjici
229 545 330 603 vetat.
364 556 424 618 quo
454 538 566 618 dopna
601 539 756 616 quoddam
788 542 940 601 eeclesiae
969 539 1227 612 subvertentur,-
1255 556 1325 601 uam

83 621 216 702 Spiritus
240 640 265 683 s.
287 623 487 704 sibimetipsi
511 623 722 686 contradicere
746 625 851 704 nequit
874 624 958 699 (Non
980 631 1117 699 vanua).

173 707 204 768 2.
237 708 396 780 Posidea,
429 719 583 789 quatenus
616 711 704 771 illurn
740 712 848 789 ipsum
875 713 975 772 teneri
1003 713 1161 790 praecipit
1192 726 1329 785 sermm,

83 811 177 873 quem
198 795 235 854 in
256 795 335 856 locis
368 795 555 873 dopmatieis
585 797 658 874 ipsa
680 806 735 856 aut
764 798 938 858 immediate
961 796 1188 873 determinavit,
1212 803 1271 857 aut
1290 791 1330 857 ob

82 880 267 940 unanimem
299 880 428 942 Petrum
456 900 643 943 consensum
677 883 776 943 tenuit
796 901 834 944 ac
857 891 960 955 tenet;
992 899 1065 943 nam
1093 882 1142 943 hic
1174 881 1330 943 ecelesiae

84 981 202 1026 sensus
236 971 285 1027 est
315 965 466 1047 genuinus
499 974 530 1029 et
564 967 766 1044 authenticus,
797 968 949 1046 objectiva
973 968 1155 1030 certitudine
1178 966 1329 1049 gaudens,

84 1059 116 1112 et
138 1050 215 1111 ideo
237 1051 362 1132 quilibet
384 1051 460 1115 alius
480 1070 592 1115 sensus
616 1071 674 1114 eeu
696 1054 817 1134 spurius
841 1060 890 1115 est
911 1053 1097 1134 rejiciendus
1121 1053 1205 1126 (Non
1229 1070 1325 1132 prae·

85 1143 144 1214 ter,
169 1135 227 1198 sed
245 1137 358 1217 juxta).
381 1172 423 1183 -
444 1137 496 1202 Ea·
517 1140 612 1200 dictis

175 1220 219 1298 B)
242 1224 377 1303 Reputae
399 1235 564 1304 sequentes
586 1233 715 1286 manant

247 1306 271 1369 1.
291 1310 469 1388 positivae:

178 1393 206 1454 1.
229 1392 267 1455 Iu
288 1396 442 1473 ejusmodi
463 1396 610 1472 tectibus,
632 1412 909 1476 pucrumsensum
931 1397 1068 1459 00010010
1093 1404 1150 1458 aut
1163 1415 1204 1458 ea·
1226 1396 1331 1458 tradi-

91 1482 175 1541 tione
198 1481 351 1542 continuo
373 1490 404 1542 et
424 1482 495 1543 ideo
518 1483 697 1561 apostolica
720 1483 895 1544 immediate
927 1483 1153 1557 determinavit,
1176 1490 1232 1543 aut
1250 1502 1331 1562 pro-

87 1575 159 1645 pter
179 1568 359 1628 unanimem
391 1567 517 1629 Patrum
547 1587 735 1630 consensum
758 1570 858 1630 tenuit
879 1586 918 1629 ac
941 1576 1043 1630 tenet:
1072 1572 1111 1643 a)
1134 1568 1333 1629 traditionem

89 1653 274 1713 continuom
296 1651 450 1729 eabibeto,
475 1654 589 1715 lumin
612 1671 653 1715 ss.
677 1654 797 1714 Patrurn
820 1652 929 1731 eliatls,
959 1653 1075 1714 lumin
1098 1653 1193 1733 praxi,
1217 1653 1333 1715 lumin

88 1737 236 1819 precibus
269 1737 418 1820 liturgicis
441 1756 476 1800 se
510 1738 772 1813 manifestantem
806 1739 843 1815 b)
865 1739 1096 1800 hermeneutica
1129 1741 1281 1818 inquirito
1304 1747 1335 1800 st

88 1823 239 1886 adhibeto
267 1825 449 1902 praesidia.
484 1844 564 1906 quae
591 1828 636 1886 ad
667 1825 889 1886 vindicandum
917 1827 1069 1886 ecclesiae
1091 1843 1218 1886 sensum
1241 1833 1272 1887 et
1291 1825 1336 1886 ad

91 1910 282 1990 refutandas
304 1911 563 1974 adversariorum
586 1911 778 1989 objectiones
797 1912 971 1990 praecipue
992 1911 1106 1972 volent.

177 1995 209 2057 2.
232 1994 270 2056 In
293 1996 409 2058 talibus
431 2016 506 2059 vero
529 2017 556 2059 s.
579 1996 761 2075 Scripturas
785 1998 873 2071 locis,
896 2014 1027 2076 quorum
1049 2014 1176 2056 sensum
1198 1996 1335 2058 ecclesia

88 2083 222 2144 nonnisi
244 2082 378 2144 mediate
401 2083 622 2162 manifestavit,
646 2081 713 2143 coll.
738 2081 853 2164 regulis
877 2087 907 2155 §-
931 2082 961 2144 9.
984 2082 1169 2163 propositis:

179 2172 218 2242 u)
239 2165 320 2228 Eum
342 2187 478 2241 sensum,
491 2171 545 2248 qui
567 2188 637 2229 cum
658 2168 804 2230 doctrina
826 2169 977 2230 0001001010
1000 2186 1062 2229 uon
1085 2168 1332 2243 convenit,con·

91 2261 217 2316 stanter
236 2254 378 2331 rejicias,
401 2273 429 2316 v.
452 2274 482 2337 g.
505 2254 613 2317 Joann.
640 2253 669 2330 1,
694 2252 743 2314 14.
769 2252 818 2329 14,
842 2253 893 2315 28.
916 2255 971 2317 llr.
997 2252 1047 2330 13,
1070 2252 1120 2316 39.

179 2340 220 2418 β)
243 2336 334 2402 Illum
356 2359 493 2418 sensum,
526 2342 580 2421 qui
612 2358 683 2401 cum
716 2341 862 2401 doctrina
891 2341 1044 2401 ecclcsiae
1066 2341 1157 2400 unice
1181 2339 1334 2418 conpruit,

93 2428 188 2487 unice
211 2444 320 2501 verum
341 2428 552 2506 amplectaris.

181 2517 216 2590 γ)
239 2510 289 2573 &a
307 2513 454 2591 pluribus
475 2513 638 2574 sententiis
653 2512 699 2572 ita
719 2512 921 2589 comparatis,
933 2520 969 2573 ut
981 2530 1051 2572 cum
1068 2511 1215 2572 doctrina
1230 2510 1335 2571 eccle-

93 2601 164 2661 siae
185 2600 394 2674 consentiunt,
409 2600 484 2679 quin
506 2612 604 2660 sonae
626 2599 869 2659 hermeneuticae
892 2597 1019 2676 repulae
1044 2598 1220 2672 laedantur,
1245 2596 1334 2656 illam

92 2685 272 2766 praeferas,
295 2702 374 2763 puae
392 2685 540 2764 pluribus
562 2691 618 2745 aut
647 2682 824 2760 potioribus
845 2684 959 2745 nititur
990 2683 1179 2758 ration-ibus,
1203 2690 1233 2743 et
1255 2699 1334 2761 quae

95 2771 133 2832 ob
152 2770 339 2850 facilitatem
372 2789 463 2832 suam
496 2770 738 2844 commendatur,
761 2787 789 2830 v.
812 2787 842 2850 g.
864 2767 975 2830 iratres
998 2776 1030 2830 et
1051 2784 1178 2830 sorores
1215 2767 1334 2829 Domini

95 2856 146 2917 111.
173 2853 224 2931 13,
247 2855 297 2916 55,
321 2855 502 2929 5611111.
526 2857 556 2933 5,
580 2853 631 2917 32.
656 2853 706 2931 19,
731 2853 759 2915 9.

252 2941 289 3003 ΙΙ
319 2945 481 3022 napativae
502 2961 560 3003 seu
586 2941 734 3003 cautelae.
759 2937 902 3002 Causas:

182 3031 244 3101 aa)
266 3025 313 3088 Ne
334 3030 519 3091 sententiam
540 3028 633 3088 unius
656 3027 828 3088 alteriusve
848 3026 990 3102 Patmtm,
1012 3028 1063 3087 vel
1083 3028 1176 3087 etiam
1196 3023 1336 3102 plurium

96 3116 287 3192 scriptorum
309 3116 595 3176 ecclesiasticorum
618 3131 686 3173 cum
709 3112 861 3173 0001001000
884 3112 1029 3173 doctrina
1051 3111 1247 3189 confundam
1268 3125 1336 3169 nam

97 3198 209 3280 singuli
245 3199 349 3262 Patres
391 3201 422 3262 in
456 3198 585 3280 quadam
626 3197 751 3258 materia
786 3215 891 3258 errare
934 3203 1114 3276 potuerunt,
1149 3202 1180 3257 et
1214 3195 1263 3256 hie
1294 3195 1337 3256 ibi

96 3303 207 3347 revera
232 3292 381 3362 errarunt,
397 3305 424 3346 v.
443 3305 472 3368 g.
495 3304 518 3346 s.
533 3283 700 3364 Cyprianus
723 3281 761 3344 de
784 3283 1008 3363 rebaptizandis
1031 3281 1204 3357 haereticis,
1218 3281 1338 3362 Papias,

99 3391 124 3433 s.
146 3372 293 3433 lrenaeus
316 3372 421 3434 etalii
445 3371 483 3434 de
507 3370 674 3432 abili-emo.

183 3456 242 3532 bb)
264 3455 310 3518 Ne
332 3458 445 3521 Patres
479 3457 698 3519 dissentientes
731 3455 850 3517 babeas
881 3455 926 3517 ibi
957 3462 988 3516 et
1019 3454 1101 3529 ideo,
1133 3453 1188 3514 uhi
1211 3462 1241 3514 et
1263 3454 1339 3533 quia

97 3546 217 3623 sinpuli
238 3546 399 3623 qrremdum
421 3564 448 3605 s.
465 3545 649 3621 Scripturas
673 3541 775 3602 locum
798 3541 933 3601 diversis
957 3539 1178 3601 occasionibus
1200 3540 1335 3600 diversi-

97 3631 187 3692 mode
211 3639 390 3707 reponunt;
420 3648 488 3692 nam
519 3629 624 3689 Patres
648 3644 708 3688 non
739 3644 861 3706 semper
882 3625 988 3686 stricte
1012 3625 1259 3706 interpretantur,
1282 3622 1339 3687 sed

98 3715 207 3777 eadem
237 3713 304 3775 laea
329 3733 353 3776 s.
378 3715 552 3796 Scripturas
571 3714 636 3793 jam
671 3729 766 3774 sensu
799 3711 1082 3793 historice-logico,
1113 3711 1176 3790 jam
1209 3711 1340 3791 mystico

98 3808 273 3882 exponunt,
308 3818 365 3862 seu
406 3801 445 3863 ad
477 3800 626 3862 lectorum
668 3797 852 3879 indigentias
887 3797 1054 3878 applicant3
1087 3796 1339 3877 interpretatione

96 3886 368 3969 historice-logici
391 3887 559 3968 suppositi,
575 3885 649 3947 alias
673 3882 784 3945 deinde
808 3882 996 3963 adjecerunt,
1019 3901 1098 3963 quae
1121 3900 1228 3963 scopu,
1249 3898 1340 3961 quem

97 3972 306 4051 intendebant,
323 3975 420 4055 tnagis
443 3979 632 4054 opportunae
658 3969 731 4050 ipsis
747 3971 832 4031 visae
850 3977 931 4047 sunt,
943 3989 971 4032 v.
984 3988 1013 4051 g.
1034 3969 1072 4031 ad
1088 3969 1139 4031 llt.
1153 3966 1203 4044 16,
1218 3965 1258 4028 18
1270 3965 1340 4040 11).

123 4297 149 4362 ⁴*)
169 4294 220 4348 cfr.
239 4296 287 4346 Die
304 4295 403 4348 Brirder
424 4294 486 4348 lesu
504 4296 558 4347 und
576 4292 689 4346 lacobus
716 4292 810 4360 Alphiii
827 4295 869 4344 in:
888 4292 1047 4346 Jahrbilcber
1067 4290 1108 4343 fiir
1126 4289 1269 4359 Theologie
1287 4288 1341 4340 und

169 4364 316 4416 christliche
334 4364 509 4432 Philosophie,
527 4364 659 4432 Jahrgang
678 4362 753 4416 1834.
771 4363 796 4414 3.
814 4362 860 4414 Bd.
880 4362 950 4414 Seite
970 4359 1082 4411 1-119,

115 4449 156 4517 ”l
167 4449 219 4502 Gir.
237 4449 427 4570 [ἷὲαὲοοτίοιιοε
445 4451 560 4520 theolog.
584 4449 691 4503 loannis
710 4449 831 4501 Perrone.
858 4448 958 4500 volum.
976 4447 1006 4498 11.
1025 4461 1085 4515 pap.
1104 4446 1155 4499 213
1175 4460 1230 4515 seq.
1258 4443 1341 4497 Visn-

170 4535 220 4570 nae
311 4559 317 4572 .
1329 4534 1357 4616 l
