<?xml version="1.0" encoding="UTF-8"?>
<!DOCTYPE html PUBLIC "-//W3C//DTD XHTML 1.0 Transitional//EN"
    "http://www.w3.org/TR/xhtml1/DTD/xhtml1-transitional.dtd">
<html xmlns="http://www.w3.org/1999/xhtml" xml:lang="en" lang="en">
 <head>
  <title>
</title>
<meta http-equiv="Content-Type" content="text/html;charset=utf-8" />
  <meta name='ocr-system' content='tesseract 3.04.00' />
  <meta name='ocr-capabilities' content='ocr_page ocr_carea ocr_par ocr_line ocrx_word'/>
</head>
<body>
  <div class='ocr_page' id='page_1' title='image "./hermeneuticabib00gngoog_0035.png"; bbox 0 0 2834 4896; ppageno 0'>
   <div class='ocr_carea' id='block_1_1' title="bbox 81 174 103 237">
    <p class='ocr_par' dir='ltr' id='par_1_1' title="bbox 81 174 103 237">
     <span class='ocr_line' id='line_1_1' title="bbox 81 174 103 237; baseline 0 0"><span class='ocrx_word' id='word_1_1' title='bbox 81 174 103 237; x_wconf 82' lang='grc'>8</span> 
     </span>
    </p>
   </div>
   <div class='ocr_carea' id='block_1_2' title="bbox 78 338 1331 2981">
    <p class='ocr_par' dir='ltr' id='par_1_2' title="bbox 79 338 1326 580">
     <span class='ocr_line' id='line_1_2' title="bbox 84 338 1326 424; baseline -0.006 -16"><span class='ocrx_word' id='word_1_2' title='bbox 84 344 269 424; x_wconf 78' lang='lat' dir='ltr'><strong><em>respicient,</em></strong></span> <span class='ocrx_word' id='word_1_3' title='bbox 293 340 468 421; x_wconf 83' lang='lat' dir='ltr'><strong><em>etquidem</em></strong></span> <span class='ocrx_word' id='word_1_4' title='bbox 490 339 544 401; x_wconf 89' lang='lat' dir='ltr'><strong><em>illc</em></strong></span> <span class='ocrx_word' id='word_1_5' title='bbox 569 338 776 419; x_wconf 86' lang='lat' dir='ltr'><strong><em>(proximus),</em></strong></span> <span class='ocrx_word' id='word_1_6' title='bbox 800 338 831 398; x_wconf 80' lang='lat' dir='ltr'><strong><em>ai</em></strong></span> <span class='ocrx_word' id='word_1_7' title='bbox 853 345 982 399; x_wconf 80' lang='lat' dir='ltr'><strong><em>coemes</em></strong></span> <span class='ocrx_word' id='word_1_8' title='bbox 1005 346 1140 416; x_wconf 80' lang='lat' dir='ltr'><strong><em>tentporc</em></strong></span> <span class='ocrx_word' id='word_1_9' title='bbox 1170 341 1326 418; x_wconf 77' lang='lat' dir='ltr'><strong><em>loquentis</em></strong></span> 
     </span>
     <span class='ocr_line' id='line_1_3' title="bbox 79 424 1324 511; baseline -0.004 -20"><span class='ocrx_word' id='word_1_10' title='bbox 79 433 146 511; x_wconf 84' lang='lat' dir='ltr'><strong><em>jum</em></strong></span> <span class='ocrx_word' id='word_1_11' title='bbox 173 430 317 508; x_wconf 75' lang='lat' dir='ltr'><strong><em>impletus</em></strong></span> <span class='ocrx_word' id='word_1_12' title='bbox 335 435 391 487; x_wconf 84' lang='lat' dir='ltr'><strong><em>aot</em></strong></span> <span class='ocrx_word' id='word_1_13' title='bbox 412 426 501 487; x_wconf 85' lang='lat' dir='ltr'><strong><em>breoi</em></strong></span> <span class='ocrx_word' id='word_1_14' title='bbox 522 426 699 505; x_wconf 78' lang='lat' dir='ltr'><strong><em>implendos</em></strong></span> <span class='ocrx_word' id='word_1_15' title='bbox 710 446 724 497; x_wconf 87' lang='lat'><strong><em>,·</em></strong></span> <span class='ocrx_word' id='word_1_16' title='bbox 745 424 796 486; x_wconf 84' lang='lat' dir='ltr'><strong><em>bic</em></strong></span> <span class='ocrx_word' id='word_1_17' title='bbox 820 424 1007 500; x_wconf 83' lang='lat' dir='ltr'><strong><em>(remotior),</em></strong></span> <span class='ocrx_word' id='word_1_18' title='bbox 1031 427 1061 485; x_wconf 80' lang='lat' dir='ltr'><strong><em>si</em></strong></span> <span class='ocrx_word' id='word_1_19' title='bbox 1082 426 1324 506; x_wconf 69' lang='lat' dir='ltr'><strong><em>carenitanum</em></strong></span> 
     </span>
     <span class='ocr_line' id='line_1_4' title="bbox 82 525 251 580; baseline -0.018 0"><span class='ocrx_word' id='word_1_20' title='bbox 82 525 251 580; x_wconf 83' lang='lat' dir='ltr'><strong><em>sectatur.</em></strong></span> 
     </span>
    </p>

    <p class='ocr_par' dir='ltr' id='par_1_3' title="bbox 82 537 1325 836">
     <span class='ocr_line' id='line_1_5' title="bbox 97 537 1324 677; baseline -0.004 -14"><span class='ocrx_word' id='word_1_21' title='bbox 97 537 120 598; x_wconf 71' lang='lat' dir='ltr'><em>p</em></span> <span class='ocrx_word' id='word_1_22' title='bbox 187 601 217 663; x_wconf 84' lang='lat'><strong><em>6.</em></strong></span> <span class='ocrx_word' id='word_1_23' title='bbox 250 600 289 661; x_wconf 87' lang='lat' dir='ltr'><strong><em>lm</em></strong></span> <span class='ocrx_word' id='word_1_24' title='bbox 312 599 465 661; x_wconf 78' lang='lat' dir='ltr'><em>literalem</em></span> <span class='ocrx_word' id='word_1_25' title='bbox 487 605 518 659; x_wconf 89' lang='lat' dir='ltr'><strong><em>et</em></strong></span> <span class='ocrx_word' id='word_1_26' title='bbox 538 597 750 677; x_wconf 68' lang='lat' dir='ltr'><strong><em>spiritualem</em></strong></span> <span class='ocrx_word' id='word_1_27' title='bbox 769 596 864 675; x_wconf 86' lang='lat' dir='ltr'><strong><em>prior</em></strong></span> <span class='ocrx_word' id='word_1_28' title='bbox 886 614 1001 657; x_wconf 76' lang='lat' dir='ltr'><strong><em>sensus</em></strong></span> <span class='ocrx_word' id='word_1_29' title='bbox 1019 598 1157 675; x_wconf 85' lang='lat' dir='ltr'><strong><em>proprii,</em></strong></span> <span class='ocrx_word' id='word_1_30' title='bbox 1184 597 1324 659; x_wconf 81' lang='lat' dir='ltr'><strong><em>verbalis</em></strong></span> 
     </span>
     <span class='ocr_line' id='line_1_6' title="bbox 82 682 1325 768; baseline -0.006 -17"><span class='ocrx_word' id='word_1_31' title='bbox 82 697 114 751; x_wconf 84' lang='lat' dir='ltr'><strong><em>ct</em></strong></span> <span class='ocrx_word' id='word_1_32' title='bbox 137 687 298 768; x_wconf 78' lang='lat' dir='ltr'><strong><em>promimi;</em></strong></span> <span class='ocrx_word' id='word_1_33' title='bbox 330 684 412 746; x_wconf 86' lang='lat' dir='ltr'><strong><em>altor</em></strong></span> <span class='ocrx_word' id='word_1_34' title='bbox 438 702 553 746; x_wconf 76' lang='lat' dir='ltr'><strong><em>armeus</em></strong></span> <span class='ocrx_word' id='word_1_35' title='bbox 583 683 768 763; x_wconf 79' lang='lat' dir='ltr'><strong><em>improprii,</em></strong></span> <span class='ocrx_word' id='word_1_36' title='bbox 799 682 901 743; x_wconf 84' lang='lat' dir='ltr'><strong><em>realis</em></strong></span> <span class='ocrx_word' id='word_1_37' title='bbox 930 691 961 744; x_wconf 87' lang='lat' dir='ltr'><strong><em>ct</em></strong></span> <span class='ocrx_word' id='word_1_38' title='bbox 989 683 1171 744; x_wconf 73' lang='lat' dir='ltr'><strong><em>remotioris</em></strong></span> <span class='ocrx_word' id='word_1_39' title='bbox 1201 685 1325 763; x_wconf 71' lang='lat' dir='ltr'><strong><em>specics</em></strong></span> 
     </span>
     <span class='ocr_line' id='line_1_7' title="bbox 82 774 307 836; baseline -0.013 0"><span class='ocrx_word' id='word_1_40' title='bbox 82 792 151 836; x_wconf 85' lang='lat' dir='ltr'><strong><em>com</em></strong></span> <span class='ocrx_word' id='word_1_41' title='bbox 175 774 307 834; x_wconf 78' lang='lat' dir='ltr'><strong><em>recitem.</em></strong></span> 
     </span>
    </p>

    <p class='ocr_par' dir='ltr' id='par_1_4' title="bbox 78 792 1327 1969">
     <span class='ocr_line' id='line_1_8' title="bbox 124 792 1325 935; baseline -0.006 -14"><span class='ocrx_word' id='word_1_42' title='bbox 124 792 190 933; x_wconf 42' lang='grc' dir='ltr'><strong><em>ΝΞ.</em></strong></span> <span class='ocrx_word' id='word_1_43' title='bbox 208 862 250 935; x_wconf 84' lang='lat' dir='ltr'><strong><em>o)</em></strong></span> <span class='ocrx_word' id='word_1_44' title='bbox 266 857 354 919; x_wconf 83' lang='lat' dir='ltr'><strong><em>Solet</em></strong></span> <span class='ocrx_word' id='word_1_45' title='bbox 374 855 505 935; x_wconf 79' lang='lat' dir='ltr'><strong><em>insuper</em></strong></span> <span class='ocrx_word' id='word_1_46' title='bbox 520 855 672 934; x_wconf 70' lang='lat' dir='ltr'><strong><em>distingui</em></strong></span> <span class='ocrx_word' id='word_1_47' title='bbox 693 872 807 916; x_wconf 72' lang='lat' dir='ltr'><strong><em>remos</em></strong></span> <span class='ocrx_word' id='word_1_48' title='bbox 830 854 986 932; x_wconf 72' lang='lat' dir='ltr'><strong><em>gemuimus</em></strong></span> <span class='ocrx_word' id='word_1_49' title='bbox 1009 862 1040 914; x_wconf 88' lang='lat' dir='ltr'><strong><em>et</em></strong></span> <span class='ocrx_word' id='word_1_50' title='bbox 1059 856 1200 933; x_wconf 76' lang='lat' dir='ltr'><strong><em>aporici,</em></strong></span> <span class='ocrx_word' id='word_1_51' title='bbox 1226 871 1325 933; x_wconf 87' lang='lat' dir='ltr'><strong><em>porro</em></strong></span> 
     </span>
     <span class='ocr_line' id='line_1_9' title="bbox 81 938 1325 1022; baseline -0.006 -14"><span class='ocrx_word' id='word_1_52' title='bbox 81 963 176 1008; x_wconf 81' lang='lat' dir='ltr'><strong><em>ceros</em></strong></span> <span class='ocrx_word' id='word_1_53' title='bbox 198 953 230 1005; x_wconf 86' lang='lat' dir='ltr'><strong><em>ct</em></strong></span> <span class='ocrx_word' id='word_1_54' title='bbox 247 943 362 1021; x_wconf 81' lang='lat' dir='ltr'><strong><em>[oleos.</em></strong></span> <span class='ocrx_word' id='word_1_55' title='bbox 406 941 465 1003; x_wconf 90' lang='lat' dir='ltr'><strong><em>Per</em></strong></span> <span class='ocrx_word' id='word_1_56' title='bbox 486 958 610 1003; x_wconf 91' lang='lat' dir='ltr'><strong><em>sensum</em></strong></span> <span class='ocrx_word' id='word_1_57' title='bbox 640 941 805 1022; x_wconf 89' lang='lat' dir='ltr'><strong><em>genuinum</em></strong></span> <span class='ocrx_word' id='word_1_58' title='bbox 835 938 1008 1019; x_wconf 86' lang='lat' dir='ltr'><strong><em>intelligunt</em></strong></span> <span class='ocrx_word' id='word_1_59' title='bbox 1030 938 1129 1016; x_wconf 93' lang='lat' dir='ltr'><strong><em>illum,</em></strong></span> <span class='ocrx_word' id='word_1_60' title='bbox 1161 958 1253 1021; x_wconf 90' lang='lat' dir='ltr'><strong><em>quem</em></strong></span> <span class='ocrx_word' id='word_1_61' title='bbox 1275 939 1325 1001; x_wconf 90' lang='lat' dir='ltr'><strong><em>lo·</em></strong></span> 
     </span>
     <span class='ocr_line' id='line_1_10' title="bbox 82 1024 1325 1112; baseline -0.005 -21"><span class='ocrx_word' id='word_1_62' title='bbox 82 1047 180 1112; x_wconf 91' lang='lat' dir='ltr'><strong><em>quens</em></strong></span> <span class='ocrx_word' id='word_1_63' title='bbox 204 1028 341 1091; x_wconf 88' lang='lat' dir='ltr'><strong><em>oratione</em></strong></span> <span class='ocrx_word' id='word_1_64' title='bbox 363 1030 419 1089; x_wconf 78' lang='lat' dir='ltr'><strong><em>sud</em></strong></span> <span class='ocrx_word' id='word_1_65' title='bbox 440 1044 549 1089; x_wconf 88' lang='lat' dir='ltr'><strong><em>revera</em></strong></span> <span class='ocrx_word' id='word_1_66' title='bbox 581 1027 751 1108; x_wconf 86' lang='lat' dir='ltr'><strong><em>expressit3</em></strong></span> <span class='ocrx_word' id='word_1_67' title='bbox 780 1026 903 1107; x_wconf 79' lang='lat' dir='ltr'><strong><em>spurius</em></strong></span> <span class='ocrx_word' id='word_1_68' title='bbox 932 1042 1007 1086; x_wconf 89' lang='lat' dir='ltr'><strong><em>vero</em></strong></span> <span class='ocrx_word' id='word_1_69' title='bbox 1031 1034 1176 1103; x_wconf 88' lang='lat' dir='ltr'><strong><em>vocatur,</em></strong></span> <span class='ocrx_word' id='word_1_70' title='bbox 1213 1026 1265 1106; x_wconf 89' lang='lat' dir='ltr'><strong><em>qui</em></strong></span> <span class='ocrx_word' id='word_1_71' title='bbox 1288 1024 1325 1086; x_wconf 87' lang='lat' dir='ltr'><strong><em>ab</em></strong></span> 
     </span>
     <span class='ocr_line' id='line_1_11' title="bbox 81 1110 1326 1196; baseline -0.008 -15"><span class='ocrx_word' id='word_1_72' title='bbox 81 1116 225 1181; x_wconf 80' lang='lat' dir='ltr'><strong><em>audiente</em></strong></span> <span class='ocrx_word' id='word_1_73' title='bbox 246 1114 296 1176; x_wconf 90' lang='lat' dir='ltr'><strong><em>vcl</em></strong></span> <span class='ocrx_word' id='word_1_74' title='bbox 316 1114 442 1196; x_wconf 89' lang='lat' dir='ltr'><strong><em>legente</em></strong></span> <span class='ocrx_word' id='word_1_75' title='bbox 463 1129 622 1194; x_wconf 81' lang='lat' dir='ltr'>perperam</span> <span class='ocrx_word' id='word_1_76' title='bbox 645 1112 815 1174; x_wconf 70' lang='lat' dir='ltr'><strong><em>obtruditur</em></strong></span> <span class='ocrx_word' id='word_1_77' title='bbox 839 1110 985 1192; x_wconf 85' lang='lat' dir='ltr'><strong><em>loquenti.</em></strong></span> <span class='ocrx_word' id='word_1_78' title='bbox 1027 1110 1105 1173; x_wconf 84' lang='lat' dir='ltr'><strong><em>bisti</em></strong></span> <span class='ocrx_word' id='word_1_79' title='bbox 1121 1113 1202 1173; x_wconf 90' lang='lat' dir='ltr'><strong><em>nctio</em></strong></span> <span class='ocrx_word' id='word_1_80' title='bbox 1225 1118 1326 1172; x_wconf 88' lang='lat' dir='ltr'><strong><em>tamen</em></strong></span> 
     </span>
     <span class='ocr_line' id='line_1_12' title="bbox 82 1198 1325 1282; baseline -0.005 -19"><span class='ocrx_word' id='word_1_81' title='bbox 82 1203 169 1279; x_wconf 86' lang='lat' dir='ltr'><strong><em>haec,</em></strong></span> <span class='ocrx_word' id='word_1_82' title='bbox 193 1207 224 1263; x_wconf 89' lang='lat' dir='ltr'><strong><em>ct</em></strong></span> <span class='ocrx_word' id='word_1_83' title='bbox 245 1200 411 1282; x_wconf 84' lang='lat' dir='ltr'><strong><em>praecipue</em></strong></span> <span class='ocrx_word' id='word_1_84' title='bbox 434 1198 611 1280; x_wconf 84' lang='lat' dir='ltr'><strong><em>expressio:</em></strong></span> <span class='ocrx_word' id='word_1_85' title='bbox 639 1216 750 1261; x_wconf 90' lang='lat' dir='ltr'><strong><em>sensus</em></strong></span> <span class='ocrx_word' id='word_1_86' title='bbox 773 1199 912 1279; x_wconf 92' lang='lat' dir='ltr'><strong><em>spurius,</em></strong></span> <span class='ocrx_word' id='word_1_87' title='bbox 944 1215 1006 1258; x_wconf 90' lang='lat' dir='ltr'><strong><em>non</em></strong></span> <span class='ocrx_word' id='word_1_88' title='bbox 1030 1205 1077 1260; x_wconf 90' lang='lat' dir='ltr'><strong><em>est</em></strong></span> <span class='ocrx_word' id='word_1_89' title='bbox 1102 1198 1152 1260; x_wconf 89' lang='lat' dir='ltr'><strong><em>sat</em></strong></span> <span class='ocrx_word' id='word_1_90' title='bbox 1173 1203 1325 1277; x_wconf 86' lang='lat' dir='ltr'><strong><em>accurata,</em></strong></span> 
     </span>
     <span class='ocr_line' id='line_1_13' title="bbox 82 1283 1325 1370; baseline -0.004 -21"><span class='ocrx_word' id='word_1_91' title='bbox 82 1289 182 1370; x_wconf 89' lang='lat' dir='ltr'><strong><em>potius</em></strong></span> <span class='ocrx_word' id='word_1_92' title='bbox 206 1285 479 1347; x_wconf 82' lang='lat' dir='ltr'><strong><em>contradictionem</em></strong></span> <span class='ocrx_word' id='word_1_93' title='bbox 501 1286 532 1346; x_wconf 92' lang='lat' dir='ltr'><strong><em>in</em></strong></span> <span class='ocrx_word' id='word_1_94' title='bbox 555 1285 690 1347; x_wconf 87' lang='lat' dir='ltr'><strong><em>terminis</em></strong></span> <span class='ocrx_word' id='word_1_95' title='bbox 714 1284 870 1358; x_wconf 86' lang='lat' dir='ltr'><strong><em>continet;</em></strong></span> <span class='ocrx_word' id='word_1_96' title='bbox 909 1302 990 1345; x_wconf 91' lang='lat' dir='ltr'><strong><em>nam.</em></strong></span> <span class='ocrx_word' id='word_1_97' title='bbox 1008 1284 1090 1364; x_wconf 93' lang='lat' dir='ltr'><strong><em>quod</em></strong></span> <span class='ocrx_word' id='word_1_98' title='bbox 1114 1285 1251 1365; x_wconf 83' lang='lat' dir='ltr'><strong><em>loquenti</em></strong></span> <span class='ocrx_word' id='word_1_99' title='bbox 1275 1283 1325 1344; x_wconf 92' lang='lat' dir='ltr'><strong><em>in·</em></strong></span> 
     </span>
     <span class='ocr_line' id='line_1_14' title="bbox 78 1370 1327 1451; baseline -0.006 -14"><span class='ocrx_word' id='word_1_100' title='bbox 78 1375 142 1437; x_wconf 84' lang='lat' dir='ltr'><strong><em>vitu</em></strong></span> <span class='ocrx_word' id='word_1_101' title='bbox 168 1370 353 1448; x_wconf 81' lang='lat' dir='ltr'><strong><em>obtruditur,</em></strong></span> <span class='ocrx_word' id='word_1_102' title='bbox 377 1387 492 1433; x_wconf 89' lang='lat' dir='ltr'><strong><em>sensus</em></strong></span> <span class='ocrx_word' id='word_1_103' title='bbox 517 1371 578 1432; x_wconf 90' lang='lat' dir='ltr'><strong><em>dici</em></strong></span> <span class='ocrx_word' id='word_1_104' title='bbox 601 1372 725 1450; x_wconf 91' lang='lat' dir='ltr'><strong><em>nequit,</em></strong></span> <span class='ocrx_word' id='word_1_105' title='bbox 750 1372 821 1432; x_wconf 89' lang='lat' dir='ltr'><strong><em>binc</em></strong></span> <span class='ocrx_word' id='word_1_106' title='bbox 847 1387 961 1430; x_wconf 88' lang='lat' dir='ltr'><strong><em>sensus</em></strong></span> <span class='ocrx_word' id='word_1_107' title='bbox 984 1372 1109 1451; x_wconf 89' lang='lat' dir='ltr'><strong><em>spurius</em></strong></span> <span class='ocrx_word' id='word_1_108' title='bbox 1133 1388 1197 1432; x_wconf 89' lang='lat' dir='ltr'><strong><em>non</em></strong></span> <span class='ocrx_word' id='word_1_109' title='bbox 1226 1370 1327 1445; x_wconf 88' lang='lat' dir='ltr'><strong><em>datur,</em></strong></span> 
     </span>
     <span class='ocr_line' id='line_1_15' title="bbox 82 1455 1326 1537; baseline -0.004 -15"><span class='ocrx_word' id='word_1_110' title='bbox 82 1466 114 1522; x_wconf 81' lang='lat' dir='ltr'><strong><em>et</em></strong></span> <span class='ocrx_word' id='word_1_111' title='bbox 137 1457 302 1521; x_wconf 91' lang='lat' dir='ltr'><strong><em>dicendum</em></strong></span> <span class='ocrx_word' id='word_1_112' title='bbox 325 1463 395 1533; x_wconf 90' lang='lat' dir='ltr'><strong><em>cst,</em></strong></span> <span class='ocrx_word' id='word_1_113' title='bbox 425 1455 606 1537; x_wconf 89' lang='lat' dir='ltr'><strong><em>loquentem</em></strong></span> <span class='ocrx_word' id='word_1_114' title='bbox 629 1457 679 1518; x_wconf 93' lang='lat' dir='ltr'><strong><em>vel</em></strong></span> <span class='ocrx_word' id='word_1_115' title='bbox 703 1475 785 1533; x_wconf 91' lang='lat' dir='ltr'><strong><em>non,</em></strong></span> <span class='ocrx_word' id='word_1_116' title='bbox 819 1457 868 1518; x_wconf 81' lang='lat' dir='ltr'><strong><em>vel</em></strong></span> <span class='ocrx_word' id='word_1_117' title='bbox 893 1474 1055 1536; x_wconf 84' lang='lat' dir='ltr'><strong><em>perperam</em></strong></span> <span class='ocrx_word' id='word_1_118' title='bbox 1081 1476 1154 1519; x_wconf 90' lang='lat' dir='ltr'><strong><em>esse</em></strong></span> <span class='ocrx_word' id='word_1_119' title='bbox 1177 1457 1326 1518; x_wconf 87' lang='lat' dir='ltr'><strong><em>intellec·</em></strong></span> 
     </span>
     <span class='ocr_line' id='line_1_16' title="bbox 84 1540 1326 1624; baseline -0.003 -17"><span class='ocrx_word' id='word_1_120' title='bbox 84 1553 159 1608; x_wconf 81' lang='lat' dir='ltr'><strong><em>tum.</em></strong></span> <span class='ocrx_word' id='word_1_121' title='bbox 206 1545 323 1607; x_wconf 85' lang='lat' dir='ltr'><strong><em>Sensus</em></strong></span> <span class='ocrx_word' id='word_1_122' title='bbox 355 1559 451 1604; x_wconf 84' lang='lat' dir='ltr'><strong><em>verus</em></strong></span> <span class='ocrx_word' id='word_1_123' title='bbox 483 1543 598 1605; x_wconf 90' lang='lat' dir='ltr'><strong><em>adesse</em></strong></span> <span class='ocrx_word' id='word_1_124' title='bbox 628 1540 760 1619; x_wconf 85' lang='lat' dir='ltr'><strong><em>dicitur,</em></strong></span> <span class='ocrx_word' id='word_1_125' title='bbox 794 1543 821 1604; x_wconf 91' lang='lat' dir='ltr'><strong><em>si</em></strong></span> <span class='ocrx_word' id='word_1_126' title='bbox 844 1545 980 1624; x_wconf 89' lang='lat' dir='ltr'><strong><em>cogitata</em></strong></span> <span class='ocrx_word' id='word_1_127' title='bbox 1003 1542 1159 1623; x_wconf 86' lang='lat' dir='ltr'><strong><em>loquentis</em></strong></span> <span class='ocrx_word' id='word_1_128' title='bbox 1184 1545 1326 1605; x_wconf 85' lang='lat' dir='ltr'><strong><em>oratione</em></strong></span> 
     </span>
     <span class='ocr_line' id='line_1_17' title="bbox 84 1628 1325 1711; baseline -0.002 -19"><span class='ocrx_word' id='word_1_129' title='bbox 84 1647 236 1711; x_wconf 85' lang='lat' dir='ltr'><strong><em>expressa</em></strong></span> <span class='ocrx_word' id='word_1_130' title='bbox 269 1628 424 1709; x_wconf 78' lang='lat' dir='ltr'><strong><em>objectivd</em></strong></span> <span class='ocrx_word' id='word_1_131' title='bbox 456 1628 594 1710; x_wconf 78' lang='lat' dir='ltr'><strong><em>gaudent</em></strong></span> <span class='ocrx_word' id='word_1_132' title='bbox 626 1631 776 1704; x_wconf 82' lang='lat' dir='ltr'><strong><em>veritate3</em></strong></span> <span class='ocrx_word' id='word_1_133' title='bbox 811 1646 905 1690; x_wconf 88' lang='lat' dir='ltr'><strong><em>secus</em></strong></span> <span class='ocrx_word' id='word_1_134' title='bbox 929 1646 1042 1690; x_wconf 89' lang='lat' dir='ltr'><strong><em>sensus</em></strong></span> <span class='ocrx_word' id='word_1_135' title='bbox 1066 1629 1162 1692; x_wconf 85' lang='lat' dir='ltr'><strong><em>salsus</em></strong></span> <span class='ocrx_word' id='word_1_136' title='bbox 1185 1635 1325 1691; x_wconf 87' lang='lat' dir='ltr'><strong><em>vocatur.</em></strong></span> 
     </span>
     <span class='ocr_line' id='line_1_18' title="bbox 83 1713 1326 1797; baseline -0.002 -18"><span class='ocrx_word' id='word_1_137' title='bbox 83 1716 161 1779; x_wconf 79' lang='lat' dir='ltr'><strong><em>Aliis</em></strong></span> <span class='ocrx_word' id='word_1_138' title='bbox 186 1723 287 1777; x_wconf 90' lang='lat' dir='ltr'><strong><em>tamen</em></strong></span> <span class='ocrx_word' id='word_1_139' title='bbox 310 1732 423 1777; x_wconf 90' lang='lat' dir='ltr'><strong><em>sensus</em></strong></span> <span class='ocrx_word' id='word_1_140' title='bbox 446 1733 541 1778; x_wconf 84' lang='lat' dir='ltr'><strong><em>verus</em></strong></span> <span class='ocrx_word' id='word_1_141' title='bbox 566 1722 598 1776; x_wconf 90' lang='lat' dir='ltr'><strong><em>et</em></strong></span> <span class='ocrx_word' id='word_1_142' title='bbox 620 1713 719 1778; x_wconf 87' lang='lat' dir='ltr'><strong><em>ialsus</em></strong></span> <span class='ocrx_word' id='word_1_143' title='bbox 741 1714 824 1776; x_wconf 92' lang='lat' dir='ltr'><strong><em>idem</em></strong></span> <span class='ocrx_word' id='word_1_144' title='bbox 847 1714 989 1792; x_wconf 87' lang='lat' dir='ltr'><strong><em>denotat,</em></strong></span> <span class='ocrx_word' id='word_1_145' title='bbox 1013 1733 1049 1777; x_wconf 88' lang='lat' dir='ltr'><strong><em>ac</em></strong></span> <span class='ocrx_word' id='word_1_146' title='bbox 1074 1734 1187 1778; x_wconf 90' lang='lat' dir='ltr'><strong><em>sensus</em></strong></span> <span class='ocrx_word' id='word_1_147' title='bbox 1211 1716 1326 1797; x_wconf 84' lang='lat' dir='ltr'><strong><em>genui-</em></strong></span> 
     </span>
     <span class='ocr_line' id='line_1_19' title="bbox 85 1799 1327 1882; baseline -0.002 -17"><span class='ocrx_word' id='word_1_148' title='bbox 85 1819 143 1865; x_wconf 89' lang='lat' dir='ltr'><strong><em>nus</em></strong></span> <span class='ocrx_word' id='word_1_149' title='bbox 167 1807 200 1863; x_wconf 87' lang='lat' dir='ltr'><strong><em>et</em></strong></span> <span class='ocrx_word' id='word_1_150' title='bbox 220 1801 358 1881; x_wconf 86' lang='lat' dir='ltr'><strong><em>spurius,</em></strong></span> <span class='ocrx_word' id='word_1_151' title='bbox 381 1818 443 1880; x_wconf 92' lang='lat' dir='ltr'><strong><em>quo</em></strong></span> <span class='ocrx_word' id='word_1_152' title='bbox 466 1799 498 1863; x_wconf 91' lang='lat' dir='ltr'><strong><em>in</em></strong></span> <span class='ocrx_word' id='word_1_153' title='bbox 521 1818 598 1865; x_wconf 86' lang='lat' dir='ltr'><strong><em>cusu</em></strong></span> <span class='ocrx_word' id='word_1_154' title='bbox 621 1801 661 1863; x_wconf 92' lang='lat' dir='ltr'><strong><em>de</em></strong></span> <span class='ocrx_word' id='word_1_155' title='bbox 685 1801 746 1863; x_wconf 90' lang='lat' dir='ltr'><strong><em>illis</em></strong></span> <span class='ocrx_word' id='word_1_156' title='bbox 769 1803 909 1863; x_wconf 85' lang='lat' dir='ltr'><strong><em>terminis</em></strong></span> <span class='ocrx_word' id='word_1_157' title='bbox 933 1801 1014 1863; x_wconf 88' lang='lat' dir='ltr'><strong><em>idern</em></strong></span> <span class='ocrx_word' id='word_1_158' title='bbox 1048 1802 1148 1876; x_wconf 88' lang='lat' dir='ltr'><strong><em>valet,</em></strong></span> <span class='ocrx_word' id='word_1_159' title='bbox 1181 1802 1265 1882; x_wconf 92' lang='lat' dir='ltr'><strong><em>quod</em></strong></span> <span class='ocrx_word' id='word_1_160' title='bbox 1288 1801 1327 1863; x_wconf 91' lang='lat' dir='ltr'><strong><em>de</em></strong></span> 
     </span>
     <span class='ocr_line' id='line_1_20' title="bbox 85 1887 809 1969; baseline -0.004 -18"><span class='ocrx_word' id='word_1_161' title='bbox 85 1887 133 1951; x_wconf 89' lang='lat' dir='ltr'><strong><em>his</em></strong></span> <span class='ocrx_word' id='word_1_162' title='bbox 157 1887 402 1950; x_wconf 82' lang='lat' dir='ltr'><strong><em>observavimus.</em></strong></span> <span class='ocrx_word' id='word_1_163' title='bbox 427 1923 467 1933; x_wconf 96' lang='lat'>—</span> <span class='ocrx_word' id='word_1_164' title='bbox 492 1888 692 1969; x_wconf 81' lang='lat' dir='ltr'><strong><em>Distinguunt</em></strong></span> <span class='ocrx_word' id='word_1_165' title='bbox 716 1905 809 1968; x_wconf 90' lang='lat' dir='ltr'><strong><em>porro</em></strong></span> 
     </span>
    </p>

    <p class='ocr_par' dir='ltr' id='par_1_5' title="bbox 86 1972 1331 2825">
     <span class='ocr_line' id='line_1_21' title="bbox 173 1972 1328 2052; baseline -0.001 -17"><span class='ocrx_word' id='word_1_166' title='bbox 173 1972 207 2047; x_wconf 88' lang='lat' dir='ltr'><strong><em>b)</em></strong></span> <span class='ocrx_word' id='word_1_167' title='bbox 230 1975 265 2034; x_wconf 86' lang='lat' dir='ltr'><strong><em>in</em></strong></span> <span class='ocrx_word' id='word_1_168' title='bbox 286 1992 330 2035; x_wconf 84' lang='lat' dir='ltr'><strong><em>sa.</em></strong></span> <span class='ocrx_word' id='word_1_169' title='bbox 354 1973 454 2035; x_wconf 79' lang='lat' dir='ltr'><strong><em>literis</em></strong></span> <span class='ocrx_word' id='word_1_170' title='bbox 483 1993 609 2036; x_wconf 83' lang='lat' dir='ltr'><strong><em>sensum</em></strong></span> <span class='ocrx_word' id='word_1_171' title='bbox 639 1974 823 2052; x_wconf 82' lang='lat' dir='ltr'><strong><em>adjectivum</em></strong></span> <span class='ocrx_word' id='word_1_172' title='bbox 846 1983 877 2035; x_wconf 88' lang='lat' dir='ltr'><strong><em>ct</em></strong></span> <span class='ocrx_word' id='word_1_173' title='bbox 910 1973 1123 2052; x_wconf 74' lang='lat' dir='ltr'><strong><em>subjectivum.</em></strong></span> <span class='ocrx_word' id='word_1_174' title='bbox 1168 1973 1225 2035; x_wconf 88' lang='lat' dir='ltr'><strong><em>Per</em></strong></span> <span class='ocrx_word' id='word_1_175' title='bbox 1248 1993 1328 2037; x_wconf 91' lang='lat' dir='ltr'><strong><em>sen-</em></strong></span> 
     </span>
     <span class='ocr_line' id='line_1_22' title="bbox 86 2058 1327 2140; baseline 0.001 -19"><span class='ocrx_word' id='word_1_176' title='bbox 86 2078 154 2122; x_wconf 91' lang='lat' dir='ltr'><strong><em>sum</em></strong></span> <span class='ocrx_word' id='word_1_177' title='bbox 178 2059 364 2138; x_wconf 89' lang='lat' dir='ltr'><strong><em>objectivum</em></strong></span> <span class='ocrx_word' id='word_1_178' title='bbox 389 2059 567 2140; x_wconf 89' lang='lat' dir='ltr'><strong><em>intelligunt</em></strong></span> <span class='ocrx_word' id='word_1_179' title='bbox 589 2059 685 2135; x_wconf 91' lang='lat' dir='ltr'><strong><em>illum,</em></strong></span> <span class='ocrx_word' id='word_1_180' title='bbox 709 2060 792 2139; x_wconf 86' lang='lat' dir='ltr'><strong><em>quia</em></strong></span> <span class='ocrx_word' id='word_1_181' title='bbox 814 2058 928 2140; x_wconf 88' lang='lat' dir='ltr'><strong><em>Spiritu</em></strong></span> <span class='ocrx_word' id='word_1_182' title='bbox 950 2078 976 2121; x_wconf 91' lang='lat' dir='ltr'><strong><em>s.</em></strong></span> <span class='ocrx_word' id='word_1_183' title='bbox 1001 2080 1056 2138; x_wconf 90' lang='lat' dir='ltr'><strong><em>per</em></strong></span> <span class='ocrx_word' id='word_1_184' title='bbox 1079 2079 1189 2124; x_wconf 89' lang='lat' dir='ltr'><strong><em>sacros</em></strong></span> <span class='ocrx_word' id='word_1_185' title='bbox 1213 2068 1327 2123; x_wconf 89' lang='lat' dir='ltr'><strong><em>aucto-</em></strong></span> 
     </span>
     <span class='ocr_line' id='line_1_23' title="bbox 86 2144 1329 2226; baseline 0 -19"><span class='ocrx_word' id='word_1_186' title='bbox 86 2163 139 2207; x_wconf 88' lang='lat' dir='ltr'><strong><em>res</em></strong></span> <span class='ocrx_word' id='word_1_187' title='bbox 163 2145 312 2224; x_wconf 88' lang='lat' dir='ltr'><strong><em>loquente</em></strong></span> <span class='ocrx_word' id='word_1_188' title='bbox 335 2150 493 2224; x_wconf 86' lang='lat' dir='ltr'><strong><em>spectatus</em></strong></span> <span class='ocrx_word' id='word_1_189' title='bbox 517 2152 583 2220; x_wconf 82' lang='lat' dir='ltr'><strong><em>est3</em></strong></span> <span class='ocrx_word' id='word_1_190' title='bbox 615 2162 671 2223; x_wconf 89' lang='lat' dir='ltr'><strong><em>per</em></strong></span> <span class='ocrx_word' id='word_1_191' title='bbox 694 2144 896 2224; x_wconf 79' lang='lat' dir='ltr'><strong><em>subJectivum</em></strong></span> <span class='ocrx_word' id='word_1_192' title='bbox 920 2163 997 2207; x_wconf 88' lang='lat' dir='ltr'><strong><em>vero</em></strong></span> <span class='ocrx_word' id='word_1_193' title='bbox 1022 2165 1111 2223; x_wconf 91' lang='lat' dir='ltr'><strong><em>eum,</em></strong></span> <span class='ocrx_word' id='word_1_194' title='bbox 1135 2164 1226 2226; x_wconf 93' lang='lat' dir='ltr'><strong><em>quem</em></strong></span> <span class='ocrx_word' id='word_1_195' title='bbox 1250 2165 1329 2208; x_wconf 86' lang='lat' dir='ltr'><strong><em>auc-</em></strong></span> 
     </span>
     <span class='ocr_line' id='line_1_24' title="bbox 88 2229 1328 2314; baseline 0.002 -21"><span class='ocrx_word' id='word_1_196' title='bbox 88 2237 137 2293; x_wconf 89' lang='lat' dir='ltr'><strong><em>tor</em></strong></span> <span class='ocrx_word' id='word_1_197' title='bbox 160 2247 252 2291; x_wconf 88' lang='lat' dir='ltr'><strong><em>sacer</em></strong></span> <span class='ocrx_word' id='word_1_198' title='bbox 275 2229 334 2291; x_wconf 88' lang='lat' dir='ltr'><strong><em>Dei</em></strong></span> <span class='ocrx_word' id='word_1_199' title='bbox 357 2230 458 2292; x_wconf 85' lang='lat' dir='ltr'><strong><em>ellatis</em></strong></span> <span class='ocrx_word' id='word_1_200' title='bbox 481 2230 548 2291; x_wconf 86' lang='lat' dir='ltr'><strong><em>fors</em></strong></span> <span class='ocrx_word' id='word_1_201' title='bbox 571 2248 733 2314; x_wconf 89' lang='lat' dir='ltr'><strong><em>perperam</em></strong></span> <span class='ocrx_word' id='word_1_202' title='bbox 758 2231 907 2312; x_wconf 88' lang='lat' dir='ltr'><strong><em>subjecit,</em></strong></span> <span class='ocrx_word' id='word_1_203' title='bbox 932 2249 1000 2292; x_wconf 93' lang='lat' dir='ltr'><strong><em>cum</em></strong></span> <span class='ocrx_word' id='word_1_204' title='bbox 1025 2233 1095 2295; x_wconf 89' lang='lat' dir='ltr'><strong><em>coll.</em></strong></span> <span class='ocrx_word' id='word_1_205' title='bbox 1115 2232 1229 2295; x_wconf 86' lang='lat' dir='ltr'><strong><em>Habac.</em></strong></span> <span class='ocrx_word' id='word_1_206' title='bbox 1253 2234 1285 2306; x_wconf 83' lang='lat'><strong><em>2,</em></strong></span> <span class='ocrx_word' id='word_1_207' title='bbox 1298 2231 1328 2296; x_wconf 87' lang='lat'><strong><em>3.</em></strong></span> 
     </span>
     <span class='ocr_line' id='line_1_25' title="bbox 86 2314 1330 2396; baseline 0.002 -19"><span class='ocrx_word' id='word_1_208' title='bbox 86 2315 197 2378; x_wconf 87' lang='lat' dir='ltr'><strong><em>Daniel</em></strong></span> <span class='ocrx_word' id='word_1_209' title='bbox 224 2315 281 2393; x_wconf 83' lang='lat'><strong><em>12,</em></strong></span> <span class='ocrx_word' id='word_1_210' title='bbox 305 2315 325 2376; x_wconf 90' lang='lat'><strong>9</strong></span> <span class='ocrx_word' id='word_1_211' title='bbox 349 2334 419 2378; x_wconf 91' lang='lat' dir='ltr'><strong><em>cum</em></strong></span> <span class='ocrx_word' id='word_1_212' title='bbox 441 2314 463 2376; x_wconf 90' lang='lat'><strong><em>1.</em></strong></span> <span class='ocrx_word' id='word_1_213' title='bbox 486 2316 569 2378; x_wconf 88' lang='lat' dir='ltr'><strong><em>Petri</em></strong></span> <span class='ocrx_word' id='word_1_214' title='bbox 594 2316 633 2393; x_wconf 85' lang='lat' dir='ltr'><strong><em>l,</em></strong></span> <span class='ocrx_word' id='word_1_215' title='bbox 661 2315 798 2380; x_wconf 80' lang='lat'><strong>10-12.</strong></span> <span class='ocrx_word' id='word_1_216' title='bbox 841 2317 878 2379; x_wconf 88' lang='lat' dir='ltr'><strong><em>lt.</em></strong></span> <span class='ocrx_word' id='word_1_217' title='bbox 902 2317 964 2378; x_wconf 83' lang='lat' dir='ltr'><strong><em>l’et.</em></strong></span> <span class='ocrx_word' id='word_1_218' title='bbox 991 2317 1026 2396; x_wconf 88' lang='lat'><strong><em>1,</em></strong></span> <span class='ocrx_word' id='word_1_219' title='bbox 1049 2320 1100 2382; x_wconf 84' lang='lat'><strong><em>20.</em></strong></span> <span class='ocrx_word' id='word_1_220' title='bbox 1124 2320 1174 2381; x_wconf 80' lang='lat'><strong><em>21.</em></strong></span> <span class='ocrx_word' id='word_1_221' title='bbox 1197 2326 1330 2396; x_wconf 86' lang='lat' dir='ltr'><strong><em>constet,</em></strong></span> 
     </span>
     <span class='ocr_line' id='line_1_26' title="bbox 88 2401 1328 2485; baseline 0.001 -20"><span class='ocrx_word' id='word_1_222' title='bbox 88 2401 250 2484; x_wconf 89' lang='lat' dir='ltr'><strong><em>prophetis</em></strong></span> <span class='ocrx_word' id='word_1_223' title='bbox 273 2419 335 2463; x_wconf 89' lang='lat' dir='ltr'><strong><em>non</em></strong></span> <span class='ocrx_word' id='word_1_224' title='bbox 360 2403 461 2464; x_wconf 86' lang='lat' dir='ltr'><strong><em>omnia</em></strong></span> <span class='ocrx_word' id='word_1_225' title='bbox 485 2402 543 2465; x_wconf 90' lang='lat' dir='ltr'><strong><em>Dei</em></strong></span> <span class='ocrx_word' id='word_1_226' title='bbox 571 2402 697 2465; x_wconf 89' lang='lat' dir='ltr'><strong><em>oracula</em></strong></span> <span class='ocrx_word' id='word_1_227' title='bbox 724 2409 771 2463; x_wconf 89' lang='lat' dir='ltr'><strong><em>sat</em></strong></span> <span class='ocrx_word' id='word_1_228' title='bbox 795 2403 877 2465; x_wconf 89' lang='lat' dir='ltr'><strong><em>clara</em></strong></span> <span class='ocrx_word' id='word_1_229' title='bbox 903 2403 1018 2482; x_wconf 88' lang='lat' dir='ltr'><strong><em>luisse,</em></strong></span> <span class='ocrx_word' id='word_1_230' title='bbox 1053 2424 1187 2484; x_wconf 90' lang='lat' dir='ltr'><strong><em>cumque</em></strong></span> <span class='ocrx_word' id='word_1_231' title='bbox 1209 2425 1248 2467; x_wconf 91' lang='lat' dir='ltr'><strong><em>ne</em></strong></span> <span class='ocrx_word' id='word_1_232' title='bbox 1269 2407 1328 2485; x_wconf 89' lang='lat' dir='ltr'><strong><em>ipsi</em></strong></span> 
     </span>
     <span class='ocr_line' id='line_1_27' title="bbox 89 2487 1329 2569; baseline 0.002 -20"><span class='ocrx_word' id='word_1_233' title='bbox 89 2489 211 2569; x_wconf 91' lang='lat' dir='ltr'><strong><em>quidem</em></strong></span> <span class='ocrx_word' id='word_1_234' title='bbox 234 2487 380 2568; x_wconf 86' lang='lat' dir='ltr'><strong><em>Apostoli</em></strong></span> <span class='ocrx_word' id='word_1_235' title='bbox 413 2496 484 2550; x_wconf 90' lang='lat' dir='ltr'><strong><em>ante</em></strong></span> <span class='ocrx_word' id='word_1_236' title='bbox 507 2490 638 2568; x_wconf 88' lang='lat' dir='ltr'><strong><em>Spiritus</em></strong></span> <span class='ocrx_word' id='word_1_237' title='bbox 673 2507 698 2549; x_wconf 86' lang='lat' dir='ltr'><strong><em>s.</em></strong></span> <span class='ocrx_word' id='word_1_238' title='bbox 732 2490 932 2551; x_wconf 88' lang='lat' dir='ltr'><strong><em>emissionem</em></strong></span> <span class='ocrx_word' id='word_1_239' title='bbox 969 2493 1070 2552; x_wconf 89' lang='lat' dir='ltr'><strong><em>omnia</em></strong></span> <span class='ocrx_word' id='word_1_240' title='bbox 1093 2491 1213 2552; x_wconf 89' lang='lat' dir='ltr'><strong><em>Domini</em></strong></span> <span class='ocrx_word' id='word_1_241' title='bbox 1247 2492 1329 2553; x_wconf 86' lang='lat' dir='ltr'><strong><em>dictu</em></strong></span> 
     </span>
     <span class='ocr_line' id='line_1_28' title="bbox 89 2573 1331 2654; baseline 0.002 -18"><span class='ocrx_word' id='word_1_242' title='bbox 89 2578 148 2636; x_wconf 87' lang='lat' dir='ltr'><strong><em>rite</em></strong></span> <span class='ocrx_word' id='word_1_243' title='bbox 172 2573 391 2636; x_wconf 88' lang='lat' dir='ltr'><strong><em>intellexerint.</em></strong></span> <span class='ocrx_word' id='word_1_244' title='bbox 436 2574 495 2636; x_wconf 74' lang='lat' dir='ltr'><strong><em>Act</em></strong></span> <span class='ocrx_word' id='word_1_245' title='bbox 516 2594 585 2636; x_wconf 81' lang='lat' dir='ltr'><strong><em>com</em></strong></span> <span class='ocrx_word' id='word_1_246' title='bbox 608 2594 625 2636; x_wconf 87' lang='lat' dir='ltr'><strong><em>e</em></strong></span> <span class='ocrx_word' id='word_1_247' title='bbox 647 2593 690 2635; x_wconf 81' lang='lat' dir='ltr'><strong><em>ss.</em></strong></span> <span class='ocrx_word' id='word_1_248' title='bbox 714 2575 816 2636; x_wconf 79' lang='lat' dir='ltr'><strong><em>literis</em></strong></span> <span class='ocrx_word' id='word_1_249' title='bbox 838 2595 903 2636; x_wconf 84' lang='lat' dir='ltr'><strong><em>mom</em></strong></span> <span class='ocrx_word' id='word_1_250' title='bbox 936 2576 1092 2637; x_wconf 82' lang='lat' dir='ltr'><strong><em>bominum</em></strong></span> <span class='ocrx_word' id='word_1_251' title='bbox 1124 2597 1241 2654; x_wconf 79' lang='lat' dir='ltr'><strong><em>senso,</em></strong></span> <span class='ocrx_word' id='word_1_252' title='bbox 1273 2577 1331 2638; x_wconf 83' lang='lat' dir='ltr'><strong><em>sed</em></strong></span> 
     </span>
     <span class='ocr_line' id='line_1_29' title="bbox 88 2659 1331 2740; baseline 0.002 -18"><span class='ocrx_word' id='word_1_253' title='bbox 88 2660 147 2722; x_wconf 84' lang='lat' dir='ltr'><strong><em>Dei</em></strong></span> <span class='ocrx_word' id='word_1_254' title='bbox 168 2659 338 2722; x_wconf 83' lang='lat' dir='ltr'><strong><em>recolentis</em></strong></span> <span class='ocrx_word' id='word_1_255' title='bbox 360 2660 488 2722; x_wconf 82' lang='lat' dir='ltr'><strong><em>decreto</em></strong></span> <span class='ocrx_word' id='word_1_256' title='bbox 510 2671 541 2723; x_wconf 87' lang='lat' dir='ltr'><strong><em>ct</em></strong></span> <span class='ocrx_word' id='word_1_257' title='bbox 572 2661 762 2722; x_wconf 83' lang='lat' dir='ltr'><strong><em>coluntotem</em></strong></span> <span class='ocrx_word' id='word_1_258' title='bbox 784 2679 974 2740; x_wconf 76' lang='lat' dir='ltr'><strong><em>cognoscere</em></strong></span> <span class='ocrx_word' id='word_1_259' title='bbox 1005 2664 1234 2725; x_wconf 81' lang='lat' dir='ltr'><strong><em>desideremus:</em></strong></span> <span class='ocrx_word' id='word_1_260' title='bbox 1267 2666 1331 2726; x_wconf 85' lang='lat' dir='ltr'><strong><em>istc</em></strong></span> 
     </span>
     <span class='ocr_line' id='line_1_30' title="bbox 89 2745 553 2825; baseline 0.002 -18"><span class='ocrx_word' id='word_1_261' title='bbox 89 2745 249 2815; x_wconf 82' lang='lat' dir='ltr'><strong><em>distinctio</em></strong></span> <span class='ocrx_word' id='word_1_262' title='bbox 271 2754 354 2807; x_wconf 86' lang='lat' dir='ltr'><strong><em>recte</em></strong></span> <span class='ocrx_word' id='word_1_263' title='bbox 376 2747 553 2825; x_wconf 71' lang='lat' dir='ltr'><strong><em>negligitur.</em></strong></span> 
     </span>
    </p>

    <p class='ocr_par' dir='ltr' id='par_1_6' title="bbox 86 2829 1331 2981">
     <span class='ocr_line' id='line_1_31' title="bbox 175 2829 1331 2978; baseline 0.004 -86"><span class='ocrx_word' id='word_1_264' title='bbox 175 2835 211 2978; x_wconf 51' lang='lat' dir='ltr'><strong><em>pi)</em></strong></span> <span class='ocrx_word' id='word_1_265' title='bbox 235 2829 318 2919; x_wconf 76' lang='lat' dir='ltr'><strong><em>qu</em></strong></span> <span class='ocrx_word' id='word_1_266' title='bbox 338 2834 381 2896; x_wconf 86' lang='lat' dir='ltr'><strong><em>sit</em></strong></span> <span class='ocrx_word' id='word_1_267' title='bbox 401 2851 514 2895; x_wconf 79' lang='lat' dir='ltr'><strong><em>sensus</em></strong></span> <span class='ocrx_word' id='word_1_268' title='bbox 537 2831 842 2911; x_wconf 69' lang='lat' dir='ltr'><strong><em>historico-lomene,</em></strong></span> <span class='ocrx_word' id='word_1_269' title='bbox 864 2835 1014 2914; x_wconf 80' lang='lat' dir='ltr'><strong><em>mysticos</em></strong></span> <span class='ocrx_word' id='word_1_270' title='bbox 1036 2844 1066 2896; x_wconf 89' lang='lat' dir='ltr'><strong><em>et</em></strong></span> <span class='ocrx_word' id='word_1_271' title='bbox 1087 2836 1240 2912; x_wconf 76' lang='lat' dir='ltr'><strong><em>morolio,</em></strong></span> <span class='ocrx_word' id='word_1_272' title='bbox 1262 2837 1331 2897; x_wconf 74' lang='lat' dir='ltr'><strong><em>sois</em></strong></span> 
     </span>
     <span class='ocr_line' id='line_1_32' title="bbox 86 2935 325 2981; baseline 0.013 -3"><span class='ocrx_word' id='word_1_273' title='bbox 86 2935 155 2979; x_wconf 73' lang='lat' dir='ltr'><strong><em>octe</em></strong></span> <span class='ocrx_word' id='word_1_274' title='bbox 199 2935 325 2981; x_wconf 78' lang='lat' dir='ltr'><strong><em>tcomtte.</em></strong></span> 
     </span>
    </p>
   </div>
   <div class='ocr_carea' id='block_1_3' title="bbox 665 3141 749 3216">
    <p class='ocr_par' dir='ltr' id='par_1_7' title="bbox 665 3141 749 3216">
     <span class='ocr_line' id='line_1_33' title="bbox 665 3141 749 3216; baseline 0.024 -14"><span class='ocrx_word' id='word_1_275' title='bbox 665 3147 697 3216; x_wconf 56' lang='grc' dir='ltr'><strong><em>δ.</em></strong></span> <span class='ocrx_word' id='word_1_276' title='bbox 720 3141 749 3204; x_wconf 87' lang='grc'><strong><em>6.</em></strong></span> 
     </span>
    </p>
   </div>
   <div class='ocr_carea' id='block_1_4' title="bbox 297 3271 1124 3345">
    <p class='ocr_par' dir='ltr' id='par_1_8' title="bbox 297 3271 1124 3345">
     <span class='ocr_line' id='line_1_34' title="bbox 297 3271 1124 3345; baseline 0.008 -20"><span class='ocrx_word' id='word_1_277' title='bbox 297 3271 365 3336; x_wconf 81' lang='lat' dir='ltr'><strong><em>Quid</em></strong></span> <span class='ocrx_word' id='word_1_278' title='bbox 379 3281 420 3326; x_wconf 80' lang='lat' dir='ltr'><strong><em>ott</em></strong></span> <span class='ocrx_word' id='word_1_279' title='bbox 436 3274 611 3343; x_wconf 72' lang='lat' dir='ltr'><strong><em>interpretum,</em></strong></span> <span class='ocrx_word' id='word_1_280' title='bbox 630 3284 657 3328; x_wconf 85' lang='lat' dir='ltr'><strong><em>ct</em></strong></span> <span class='ocrx_word' id='word_1_281' title='bbox 675 3276 818 3344; x_wconf 84' lang='lat' dir='ltr'><strong><em>quotuplex</em></strong></span> <span class='ocrx_word' id='word_1_282' title='bbox 837 3278 984 3345; x_wconf 80' lang='lat' dir='ltr'><strong><em>interpretis</em></strong></span> <span class='ocrx_word' id='word_1_283' title='bbox 1003 3279 1124 3332; x_wconf 84' lang='lat' dir='ltr'><strong><em>iunctio?</em></strong></span> 
     </span>
    </p>
   </div>
   <div class='ocr_carea' id='block_1_5' title="bbox 91 3427 1334 4554">
    <p class='ocr_par' dir='ltr' id='par_1_9' title="bbox 91 3427 1334 4554">
     <span class='ocr_line' id='line_1_35' title="bbox 176 3427 1331 3519; baseline 0.011 -31"><span class='ocrx_word' id='word_1_284' title='bbox 176 3427 264 3489; x_wconf 88' lang='lat' dir='ltr'><strong><em>Licet</em></strong></span> <span class='ocrx_word' id='word_1_285' title='bbox 285 3447 389 3492; x_wconf 91' lang='lat' dir='ltr'><strong><em>sermo</em></strong></span> <span class='ocrx_word' id='word_1_286' title='bbox 405 3431 470 3493; x_wconf 89' lang='lat' dir='ltr'><strong><em>sive</em></strong></span> <span class='ocrx_word' id='word_1_287' title='bbox 488 3449 543 3494; x_wconf 90' lang='lat' dir='ltr'><strong><em>ore</em></strong></span> <span class='ocrx_word' id='word_1_288' title='bbox 566 3432 715 3514; x_wconf 91' lang='lat' dir='ltr'><strong><em>prolatus,</em></strong></span> <span class='ocrx_word' id='word_1_289' title='bbox 740 3435 808 3498; x_wconf 88' lang='lat' dir='ltr'><strong><em>sive</em></strong></span> <span class='ocrx_word' id='word_1_290' title='bbox 832 3435 931 3499; x_wconf 90' lang='lat' dir='ltr'><strong><em>literis</em></strong></span> <span class='ocrx_word' id='word_1_291' title='bbox 956 3439 1124 3500; x_wconf 54' lang='lat' dir='ltr'><strong><em>mandatus&lt;</em></strong></span> <span class='ocrx_word' id='word_1_292' title='bbox 1139 3440 1331 3519; x_wconf 87' lang='lat' dir='ltr'><strong><em>aptissimam</em></strong></span> 
     </span>
     <span class='ocr_line' id='line_1_36' title="bbox 91 3512 1331 3601; baseline 0.008 -25"><span class='ocrx_word' id='word_1_293' title='bbox 91 3514 133 3576; x_wconf 83' lang='lat' dir='ltr'><strong><em>sit</em></strong></span> <span class='ocrx_word' id='word_1_294' title='bbox 154 3512 307 3592; x_wconf 90' lang='lat' dir='ltr'><strong><em>medium,</em></strong></span> <span class='ocrx_word' id='word_1_295' title='bbox 344 3533 406 3595; x_wconf 87' lang='lat' dir='ltr'><strong><em>quo</em></strong></span> <span class='ocrx_word' id='word_1_296' title='bbox 429 3515 521 3580; x_wconf 86' lang='lat' dir='ltr'><strong><em>bomo</em></strong></span> <span class='ocrx_word' id='word_1_297' title='bbox 545 3519 680 3601; x_wconf 85' lang='lat' dir='ltr'><strong><em>cogitata</em></strong></span> <span class='ocrx_word' id='word_1_298' title='bbox 703 3539 759 3585; x_wconf 91' lang='lat' dir='ltr'><strong><em>sua</em></strong></span> <span class='ocrx_word' id='word_1_299' title='bbox 784 3540 853 3583; x_wconf 89' lang='lat' dir='ltr'><strong><em>cum</em></strong></span> <span class='ocrx_word' id='word_1_300' title='bbox 877 3525 946 3585; x_wconf 88' lang='lat' dir='ltr'><strong><em>aliis</em></strong></span> <span class='ocrx_word' id='word_1_301' title='bbox 979 3525 1208 3587; x_wconf 85' lang='lat' dir='ltr'><strong><em>communicare</em></strong></span> <span class='ocrx_word' id='word_1_302' title='bbox 1230 3527 1331 3600; x_wconf 80' lang='lat' dir='ltr'><strong><em>valet3</em></strong></span> 
     </span>
     <span class='ocr_line' id='line_1_37' title="bbox 91 3599 1331 3692; baseline 0.01 -32"><span class='ocrx_word' id='word_1_303' title='bbox 91 3599 158 3661; x_wconf 88' lang='lat' dir='ltr'><strong><em>lieri</em></strong></span> <span class='ocrx_word' id='word_1_304' title='bbox 181 3605 283 3661; x_wconf 90' lang='lat' dir='ltr'><strong><em>tamen</em></strong></span> <span class='ocrx_word' id='word_1_305' title='bbox 307 3608 408 3690; x_wconf 75' lang='lat' dir='ltr'><strong><em>potqst</em></strong></span> <span class='ocrx_word' id='word_1_306' title='bbox 430 3610 462 3663; x_wconf 92' lang='lat' dir='ltr'><strong><em>et</em></strong></span> <span class='ocrx_word' id='word_1_307' title='bbox 485 3622 547 3667; x_wconf 90' lang='lat' dir='ltr'><strong><em>non</em></strong></span> <span class='ocrx_word' id='word_1_308' title='bbox 569 3624 642 3668; x_wconf 89' lang='lat' dir='ltr'><strong><em>raro</em></strong></span> <span class='ocrx_word' id='word_1_309' title='bbox 666 3607 766 3686; x_wconf 90' lang='lat' dir='ltr'><strong><em>solet,</em></strong></span> <span class='ocrx_word' id='word_1_310' title='bbox 790 3615 824 3669; x_wconf 91' lang='lat' dir='ltr'><strong><em>ut</em></strong></span> <span class='ocrx_word' id='word_1_311' title='bbox 846 3610 976 3671; x_wconf 90' lang='lat' dir='ltr'><strong><em>audiens</em></strong></span> <span class='ocrx_word' id='word_1_312' title='bbox 999 3610 1049 3672; x_wconf 83' lang='lat' dir='ltr'><strong><em>vel</em></strong></span> <span class='ocrx_word' id='word_1_313' title='bbox 1074 3612 1184 3692; x_wconf 86' lang='lat' dir='ltr'><strong><em>legens</em></strong></span> <span class='ocrx_word' id='word_1_314' title='bbox 1209 3613 1331 3673; x_wconf 87' lang='lat' dir='ltr'><strong><em>oratio-</em></strong></span> 
     </span>
     <span class='ocr_line' id='line_1_38' title="bbox 91 3685 1332 3777; baseline 0.01 -30"><span class='ocrx_word' id='word_1_315' title='bbox 91 3703 165 3747; x_wconf 89' lang='lat' dir='ltr'><strong><em>nem</em></strong></span> <span class='ocrx_word' id='word_1_316' title='bbox 186 3685 343 3765; x_wconf 88' lang='lat' dir='ltr'><strong><em>lcquentis</em></strong></span> <span class='ocrx_word' id='word_1_317' title='bbox 366 3704 429 3749; x_wconf 92' lang='lat' dir='ltr'><strong><em>non</em></strong></span> <span class='ocrx_word' id='word_1_318' title='bbox 451 3688 622 3773; x_wconf 90' lang='lat' dir='ltr'><strong><em>intelligat,</em></strong></span> <span class='ocrx_word' id='word_1_319' title='bbox 654 3693 674 3756; x_wconf 90' lang='lat' dir='ltr'><strong><em>i.</em></strong></span> <span class='ocrx_word' id='word_1_320' title='bbox 698 3712 724 3756; x_wconf 90' lang='lat' dir='ltr'><strong><em>e.</em></strong></span> <span class='ocrx_word' id='word_1_321' title='bbox 748 3701 781 3756; x_wconf 89' lang='lat' dir='ltr'><strong><em>ut</em></strong></span> <span class='ocrx_word' id='word_1_322' title='bbox 803 3693 840 3755; x_wconf 87' lang='lat' dir='ltr'><strong><em>ad</em></strong></span> <span class='ocrx_word' id='word_1_323' title='bbox 865 3696 960 3758; x_wconf 89' lang='lat' dir='ltr'><strong><em>verba</em></strong></span> <span class='ocrx_word' id='word_1_324' title='bbox 983 3694 1140 3777; x_wconf 88' lang='lat' dir='ltr'><strong><em>loquentis</em></strong></span> <span class='ocrx_word' id='word_1_325' title='bbox 1163 3715 1225 3758; x_wconf 90' lang='lat' dir='ltr'><strong><em>non</em></strong></span> <span class='ocrx_word' id='word_1_326' title='bbox 1250 3697 1332 3759; x_wconf 88' lang='lat' dir='ltr'><strong><em>idem</em></strong></span> 
     </span>
     <span class='ocr_line' id='line_1_39' title="bbox 93 3770 1332 3863; baseline 0.01 -31"><span class='ocrx_word' id='word_1_327' title='bbox 93 3772 228 3853; x_wconf 81' lang='lat' dir='ltr'><strong><em>cogitet,</em></strong></span> <span class='ocrx_word' id='word_1_328' title='bbox 263 3771 347 3851; x_wconf 84' lang='lat' dir='ltr'><strong><em>quod</em></strong></span> <span class='ocrx_word' id='word_1_329' title='bbox 370 3770 503 3853; x_wconf 89' lang='lat' dir='ltr'><strong><em>loquens</em></strong></span> <span class='ocrx_word' id='word_1_330' title='bbox 525 3795 582 3859; x_wconf 92' lang='lat' dir='ltr'><strong><em>per</em></strong></span> <span class='ocrx_word' id='word_1_331' title='bbox 604 3777 655 3840; x_wconf 87' lang='lat' dir='ltr'><strong><em>illa</em></strong></span> <span class='ocrx_word' id='word_1_332' title='bbox 679 3781 855 3862; x_wconf 85' lang='lat' dir='ltr'><strong><em>significare</em></strong></span> <span class='ocrx_word' id='word_1_333' title='bbox 888 3783 994 3844; x_wconf 87' lang='lat' dir='ltr'><strong><em>voluit.</em></strong></span> <span class='ocrx_word' id='word_1_334' title='bbox 1040 3783 1140 3845; x_wconf 84' lang='lat' dir='ltr'><strong><em>Causa</em></strong></span> <span class='ocrx_word' id='word_1_335' title='bbox 1171 3783 1261 3863; x_wconf 87' lang='lat' dir='ltr'><strong><em>hujus</em></strong></span> <span class='ocrx_word' id='word_1_336' title='bbox 1282 3786 1332 3846; x_wconf 91' lang='lat' dir='ltr'><strong><em>rei</em></strong></span> 
     </span>
     <span class='ocr_line' id='line_1_40' title="bbox 91 3857 1331 3943; baseline 0.01 -25"><span class='ocrx_word' id='word_1_337' title='bbox 91 3859 141 3918; x_wconf 89' lang='lat' dir='ltr'><strong><em>vel</em></strong></span> <span class='ocrx_word' id='word_1_338' title='bbox 164 3858 195 3918; x_wconf 93' lang='lat' dir='ltr'><strong><em>in</em></strong></span> <span class='ocrx_word' id='word_1_339' title='bbox 218 3857 388 3934; x_wconf 89' lang='lat' dir='ltr'><strong><em>intellectu,</em></strong></span> <span class='ocrx_word' id='word_1_340' title='bbox 411 3860 461 3921; x_wconf 89' lang='lat' dir='ltr'><strong><em>vel</em></strong></span> <span class='ocrx_word' id='word_1_341' title='bbox 480 3862 511 3922; x_wconf 91' lang='lat' dir='ltr'><strong><em>in</em></strong></span> <span class='ocrx_word' id='word_1_342' title='bbox 535 3863 692 3926; x_wconf 88' lang='lat' dir='ltr'><strong><em>voluntate</em></strong></span> <span class='ocrx_word' id='word_1_343' title='bbox 716 3868 772 3929; x_wconf 87' lang='lat' dir='ltr'><strong><em>sita</em></strong></span> <span class='ocrx_word' id='word_1_344' title='bbox 794 3873 864 3943; x_wconf 82' lang='lat' dir='ltr'><strong><em>est3</em></strong></span> <span class='ocrx_word' id='word_1_345' title='bbox 887 3869 918 3931; x_wconf 94' lang='lat' dir='ltr'><strong><em>in</em></strong></span> <span class='ocrx_word' id='word_1_346' title='bbox 941 3869 1119 3943; x_wconf 90' lang='lat' dir='ltr'><strong><em>intellectu,</em></strong></span> <span class='ocrx_word' id='word_1_347' title='bbox 1143 3870 1170 3930; x_wconf 88' lang='lat' dir='ltr'><strong><em>si</em></strong></span> <span class='ocrx_word' id='word_1_348' title='bbox 1193 3875 1245 3931; x_wconf 89' lang='lat' dir='ltr'><strong><em>aut</em></strong></span> <span class='ocrx_word' id='word_1_349' title='bbox 1267 3870 1331 3930; x_wconf 90' lang='lat' dir='ltr'><strong><em>lin-</em></strong></span> 
     </span>
     <span class='ocr_line' id='line_1_41' title="bbox 91 3944 1331 4037; baseline 0.011 -34"><span class='ocrx_word' id='word_1_350' title='bbox 91 3960 164 4024; x_wconf 82' lang='lat' dir='ltr'><strong><em>gue,</em></strong></span> <span class='ocrx_word' id='word_1_351' title='bbox 188 3960 250 4023; x_wconf 89' lang='lat' dir='ltr'><strong><em>qua</em></strong></span> <span class='ocrx_word' id='word_1_352' title='bbox 273 3944 408 4024; x_wconf 87' lang='lat' dir='ltr'><strong><em>loquens</em></strong></span> <span class='ocrx_word' id='word_1_353' title='bbox 432 3952 536 4024; x_wconf 88' lang='lat' dir='ltr'><strong><em>utitur,</em></strong></span> <span class='ocrx_word' id='word_1_354' title='bbox 559 3949 695 4014; x_wconf 86' lang='lat' dir='ltr'><strong><em>audienti</em></strong></span> <span class='ocrx_word' id='word_1_355' title='bbox 716 3954 766 4015; x_wconf 83' lang='lat' dir='ltr'><strong><em>vel</em></strong></span> <span class='ocrx_word' id='word_1_356' title='bbox 790 3953 906 4034; x_wconf 88' lang='lat' dir='ltr'><strong><em>legenti</em></strong></span> <span class='ocrx_word' id='word_1_357' title='bbox 930 3957 1091 4037; x_wconf 88' lang='lat' dir='ltr'><strong><em>incognita</em></strong></span> <span class='ocrx_word' id='word_1_358' title='bbox 1105 3962 1163 4031; x_wconf 90' lang='lat' dir='ltr'><strong><em>est,</em></strong></span> <span class='ocrx_word' id='word_1_359' title='bbox 1187 3963 1238 4017; x_wconf 90' lang='lat' dir='ltr'><strong><em>aut</em></strong></span> <span class='ocrx_word' id='word_1_360' title='bbox 1262 3956 1331 4017; x_wconf 92' lang='lat' dir='ltr'><strong><em>dis-</em></strong></span> 
     </span>
     <span class='ocr_line' id='line_1_42' title="bbox 91 4028 1331 4119; baseline 0.011 -30"><span class='ocrx_word' id='word_1_361' title='bbox 91 4045 148 4108; x_wconf 91' lang='lat' dir='ltr'><strong><em>par</em></strong></span> <span class='ocrx_word' id='word_1_362' title='bbox 171 4028 310 4091; x_wconf 87' lang='lat' dir='ltr'><strong><em>culturaa</em></strong></span> <span class='ocrx_word' id='word_1_363' title='bbox 333 4029 451 4112; x_wconf 85' lang='lat' dir='ltr'><strong><em>gradus</em></strong></span> <span class='ocrx_word' id='word_1_364' title='bbox 475 4035 557 4097; x_wconf 89' lang='lat' dir='ltr'><strong><em>inter</em></strong></span> <span class='ocrx_word' id='word_1_365' title='bbox 578 4044 742 4119; x_wconf 89' lang='lat' dir='ltr'><strong><em>utrumque</em></strong></span> <span class='ocrx_word' id='word_1_366' title='bbox 764 4040 950 4116; x_wconf 83' lang='lat' dir='ltr'><strong><em>intercedit3</em></strong></span> <span class='ocrx_word' id='word_1_367' title='bbox 974 4044 1004 4103; x_wconf 93' lang='lat' dir='ltr'><strong><em>in</em></strong></span> <span class='ocrx_word' id='word_1_368' title='bbox 1026 4042 1207 4119; x_wconf 82' lang='lat' dir='ltr'><strong><em>voluntate,</em></strong></span> <span class='ocrx_word' id='word_1_369' title='bbox 1230 4042 1257 4103; x_wconf 91' lang='lat' dir='ltr'><strong><em>si</em></strong></span> <span class='ocrx_word' id='word_1_370' title='bbox 1281 4043 1331 4103; x_wconf 88' lang='lat' dir='ltr'><strong><em>lo-</em></strong></span> 
     </span>
     <span class='ocr_line' id='line_1_43' title="bbox 92 4116 1331 4214; baseline 0.012 -40"><span class='ocrx_word' id='word_1_371' title='bbox 92 4116 452 4214; x_wconf 24' lang='lat' dir='ltr'><strong><em>quensnonuintetligi,</em></strong></span> <span class='ocrx_word' id='word_1_372' title='bbox 475 4120 525 4183; x_wconf 92' lang='lat' dir='ltr'><strong><em>vel</em></strong></span> <span class='ocrx_word' id='word_1_373' title='bbox 548 4123 677 4186; x_wconf 90' lang='lat' dir='ltr'><strong><em>audiens</em></strong></span> <span class='ocrx_word' id='word_1_374' title='bbox 702 4143 765 4187; x_wconf 92' lang='lat' dir='ltr'><strong><em>non</em></strong></span> <span class='ocrx_word' id='word_1_375' title='bbox 789 4127 969 4209; x_wconf 86' lang='lat' dir='ltr'><strong><em>intelligere</em></strong></span> <span class='ocrx_word' id='word_1_376' title='bbox 991 4128 1066 4189; x_wconf 86' lang='lat' dir='ltr'><strong><em>vult.</em></strong></span> <span class='ocrx_word' id='word_1_377' title='bbox 1110 4128 1252 4207; x_wconf 80' lang='lat' dir='ltr'><strong><em>Alterum</em></strong></span> <span class='ocrx_word' id='word_1_378' title='bbox 1275 4145 1331 4188; x_wconf 90' lang='lat' dir='ltr'><strong><em>ra-</em></strong></span> 
     </span>
     <span class='ocr_line' id='line_1_44' title="bbox 93 4203 1332 4298; baseline 0.013 -39"><span class='ocrx_word' id='word_1_379' title='bbox 93 4217 147 4260; x_wconf 90' lang='lat' dir='ltr'><strong><em>rae</em></strong></span> <span class='ocrx_word' id='word_1_380' title='bbox 172 4203 365 4298; x_wconf 78' lang='lat' dir='ltr'><strong><em>exceptionis</em></strong></span> <span class='ocrx_word' id='word_1_381' title='bbox 389 4204 486 4266; x_wconf 89' lang='lat' dir='ltr'><strong><em>instar</em></strong></span> <span class='ocrx_word' id='word_1_382' title='bbox 509 4210 768 4272; x_wconf 87' lang='lat' dir='ltr'><strong><em>considerandum</em></strong></span> <span class='ocrx_word' id='word_1_383' title='bbox 792 4217 850 4286; x_wconf 89' lang='lat' dir='ltr'><strong><em>est,</em></strong></span> <span class='ocrx_word' id='word_1_384' title='bbox 874 4213 916 4274; x_wconf 89' lang='lat' dir='ltr'><strong><em>ita</em></strong></span> <span class='ocrx_word' id='word_1_385' title='bbox 939 4219 972 4275; x_wconf 92' lang='lat' dir='ltr'><strong><em>ut</em></strong></span> <span class='ocrx_word' id='word_1_386' title='bbox 993 4215 1095 4276; x_wconf 90' lang='lat' dir='ltr'><strong><em>valeat</em></strong></span> <span class='ocrx_word' id='word_1_387' title='bbox 1116 4215 1242 4295; x_wconf 88' lang='lat' dir='ltr'><strong><em>regula:</em></strong></span> <span class='ocrx_word' id='word_1_388' title='bbox 1265 4213 1332 4275; x_wconf 89' lang='lat' dir='ltr'><strong><em>Lo-</em></strong></span> 
     </span>
     <span class='ocr_line' id='line_1_45' title="bbox 94 4287 1334 4380; baseline 0.015 -36"><span class='ocrx_word' id='word_1_389' title='bbox 94 4294 193 4364; x_wconf 88' lang='lat' dir='ltr'><strong><em>quens</em></strong></span> <span class='ocrx_word' id='word_1_390' title='bbox 218 4287 360 4368; x_wconf 76' lang='lat' dir='ltr'><strong><em>intelligi,</em></strong></span> <span class='ocrx_word' id='word_1_391' title='bbox 384 4291 512 4353; x_wconf 87' lang='lat' dir='ltr'><strong><em>audiens</em></strong></span> <span class='ocrx_word' id='word_1_392' title='bbox 529 4295 579 4357; x_wconf 91' lang='lat' dir='ltr'><strong><em>vel</em></strong></span> <span class='ocrx_word' id='word_1_393' title='bbox 601 4295 710 4377; x_wconf 84' lang='lat' dir='ltr'><strong><em>legens</em></strong></span> <span class='ocrx_word' id='word_1_394' title='bbox 735 4297 908 4379; x_wconf 86' lang='lat' dir='ltr'><strong><em>intelligere</em></strong></span> <span class='ocrx_word' id='word_1_395' title='bbox 932 4299 1006 4376; x_wconf 91' lang='lat' dir='ltr'><strong><em>vult,</em></strong></span> <span class='ocrx_word' id='word_1_396' title='bbox 1030 4309 1062 4362; x_wconf 91' lang='lat' dir='ltr'><strong><em>et</em></strong></span> <span class='ocrx_word' id='word_1_397' title='bbox 1084 4305 1334 4380; x_wconf 88' lang='lat' dir='ltr'><strong><em>quotiescunque</em></strong></span> 
     </span>
     <span class='ocr_line' id='line_1_46' title="bbox 92 4369 1334 4470; baseline 0.014 -39"><span class='ocrx_word' id='word_1_398' title='bbox 92 4369 168 4470; x_wconf 78' lang='lat' dir='ltr'><strong><em>illud</em></strong></span> <span class='ocrx_word' id='word_1_399' title='bbox 190 4388 299 4436; x_wconf 84' lang='lat' dir='ltr'><strong><em>reuera</em></strong></span> <span class='ocrx_word' id='word_1_400' title='bbox 323 4375 371 4454; x_wconf 85' lang='lat' dir='ltr'><strong><em>bt,</em></strong></span> <span class='ocrx_word' id='word_1_401' title='bbox 396 4377 434 4438; x_wconf 91' lang='lat' dir='ltr'><strong><em>de</em></strong></span> <span class='ocrx_word' id='word_1_402' title='bbox 458 4381 679 4461; x_wconf 86' lang='lat' dir='ltr'><strong><em>cogitationum</em></strong></span> <span class='ocrx_word' id='word_1_403' title='bbox 704 4386 890 4445; x_wconf 86' lang='lat' dir='ltr'><strong><em>commercio</em></strong></span> <span class='ocrx_word' id='word_1_404' title='bbox 915 4385 1027 4447; x_wconf 78' lang='lat' dir='ltr'><strong><em>tanudiu</em></strong></span> <span class='ocrx_word' id='word_1_405' title='bbox 1050 4405 1153 4448; x_wconf 86' lang='lat' dir='ltr'><strong><em>sermo</em></strong></span> <span class='ocrx_word' id='word_1_406' title='bbox 1178 4406 1250 4448; x_wconf 89' lang='lat' dir='ltr'><strong><em>esse</em></strong></span> <span class='ocrx_word' id='word_1_407' title='bbox 1275 4406 1334 4448; x_wconf 91' lang='lat' dir='ltr'><strong><em>ne-</em></strong></span> 
     </span>
     <span class='ocr_line' id='line_1_47' title="bbox 98 4455 1333 4554; baseline 0.015 -39"><span class='ocrx_word' id='word_1_408' title='bbox 98 4462 173 4539; x_wconf 74' lang='lat' dir='ltr'><strong><em>quit,</em></strong></span> <span class='ocrx_word' id='word_1_409' title='bbox 197 4455 297 4522; x_wconf 91' lang='lat' dir='ltr'><strong><em>donec</em></strong></span> <span class='ocrx_word' id='word_1_410' title='bbox 319 4463 463 4528; x_wconf 85' lang='lat' dir='ltr'><strong><em>voluntas</em></strong></span> <span class='ocrx_word' id='word_1_411' title='bbox 486 4464 579 4530; x_wconf 89' lang='lat' dir='ltr'><strong><em>luerit</em></strong></span> <span class='ocrx_word' id='word_1_412' title='bbox 601 4472 724 4532; x_wconf 67' lang='lat' dir='ltr'><strong><em>niutata.</em></strong></span> <span class='ocrx_word' id='word_1_413' title='bbox 768 4467 825 4551; x_wconf 78' lang='lat' dir='ltr'><strong><em>Ubi</em></strong></span> <span class='ocrx_word' id='word_1_414' title='bbox 848 4476 950 4535; x_wconf 89' lang='lat' dir='ltr'><strong><em>autem</em></strong></span> <span class='ocrx_word' id='word_1_415' title='bbox 974 4472 1206 4554; x_wconf 83' lang='lat' dir='ltr'><strong><em>primumbabct</em></strong></span> <span class='ocrx_word' id='word_1_416' title='bbox 1220 4473 1333 4552; x_wconf 91' lang='lat' dir='ltr'><strong><em>locum,</em></strong></span> 
     </span>
    </p>
   </div>
   <div class='ocr_carea' id='block_1_6' title="bbox 0 0 1433 4896">
    <p class='ocr_par' dir='ltr' id='par_1_10' title="bbox 0 0 1433 4896">
     <span class='ocr_line' id='line_1_48' title="bbox 0 0 1433 4896; baseline 0 0"><span class='ocrx_word' id='word_1_417' title='bbox 0 0 1433 4896; x_wconf 95' lang='lat' dir='ltr'><strong><em> </em></strong></span> 
     </span>
    </p>
   </div>
  </div>
 </body>
</html>
