2834 4896
133 378 214 442 vitiis
244 394 386 459 pressum
418 392 517 438 novae
549 376 706 458 religionis
731 375 842 434 lamiae
875 373 1098 434 catiustraturis
1128 371 1258 433 arduum
1280 372 1366 435 tuisse

132 467 307 549 negotium3
332 471 463 525 attamen
487 465 522 524 ad
547 463 663 524 animos
699 461 851 522 hominum
876 460 933 520 sibi
956 467 985 522 ct
1008 477 1121 520 causae
1144 476 1221 520 suae
1245 458 1368 520 concili-

134 542 230 615 andos
254 550 536 612 accommodatione
560 549 598 610 ad
617 549 778 610 tenuiores
802 546 850 608 ret
874 545 966 607 falsas
997 546 1184 607 ludaeorum
1208 563 1248 605 ac
1272 547 1368 626 genti·

133 637 205 699 lium
239 637 400 718 opiniones
425 637 470 696 eis
493 654 555 697 nan
578 634 633 697 luit
658 651 755 714 opus3
778 651 846 694 nam
875 633 956 693 hunc
979 634 1009 693 in
1033 632 1123 693 linem
1147 633 1242 713 longe
1268 631 1369 694 cilica-

133 724 210 785 ciari
232 722 334 785 medio
358 729 444 784 crant
465 723 615 798 instructi,
638 722 777 795 nimirum
801 720 1051 781 extraordinariis
1075 719 1204 798 Spiritus
1228 735 1255 779 s.
1280 717 1369 794 donis,

133 811 254 890 quihus,
278 827 346 870 cum
369 809 476 870 eadem
500 813 589 868 ctiam
614 807 753 868 fidelihus
778 805 956 867 conferrent
970 805 1019 882 ⁴i),
1048 807 1152 884 utique
1177 805 1370 867 attentionem

132 896 191 958 sihi
214 903 246 958 et
268 896 425 957 doctrinae
449 912 524 956 suae
547 894 729 970 excitarunt,
745 910 779 954 se
794 892 915 973 legatos
939 910 1011 953 esse
1034 891 1155 953 divinos
1179 891 1370 952 demonstra-

131 988 211 1059 runt,
235 989 267 1044 et
288 981 338 1042 vel
371 982 474 1060 aliquo
505 981 571 1042 reri
601 978 785 1058 honestique
816 996 912 1040 sensu
941 978 1107 1059 praeditis,
1140 977 1255 1057 quibus
1280 977 1370 1039 datan

133 1074 199 1130 erat
221 1084 239 1129 a
262 1068 350 1129 Patre
381 1068 536 1138 luminum,
560 1065 600 1128 de
622 1067 752 1129 veritate
773 1082 810 1127 ac
841 1065 998 1128 divinitate
1020 1065 1180 1126 doctrinae
1203 1082 1284 1126 suae
1305 1080 1371 1144 pcr-

131 1161 304 1217 suaserunt.

693 1349 723 1418 §.
745 1340 816 1407 127.

638 1496 873 1549 Continuatio.

219 1639 271 1701 At
292 1639 322 1703 2.
350 1639 591 1720 respondemus,
622 1641 826 1719 fundamento
860 1658 970 1701 carere
1006 1642 1184 1719 opinionem
1218 1640 1260 1701 dc
1291 1639 1370 1702 testi·

131 1728 248 1790 moniis
268 1727 376 1805 factae
406 1727 502 1806 hujus
535 1729 833 1791 accommodationis
865 1729 1001 1805 positive
1024 1728 1245 1810 dopmloticaoe
1268 1726 1367 1788 etenim

217 1817 256 1889 c)
279 1813 300 1874 l.
325 1812 394 1877 Cor.
417 1810 448 1889 3,
471 1813 501 1876 2.
525 1814 695 1876 sententia:
717 1813 797 1887 „Lac
818 1813 906 1875 vohis
931 1819 1032 1890 potum
1057 1813 1138 1890 dedi,
1155 1831 1218 1875 non
1245 1813 1367 1887 escam,“

129 1916 322 1979 nequaquam
346 1898 488 1961 denotat:
513 1899 674 1961 Doctrinas
699 1898 942 1980 imperfectiores
967 1899 1076 1961 tradidi
1099 1900 1198 1978 vohis,
1215 1919 1280 1961 non
1305 1917 1369 1960 sero

130 1984 295 2065 periectas,
319 1985 363 2047 uti
387 1991 549 2047 contentus
573 1992 604 2049 et
627 1987 750 2047 occasio
779 1987 930 2047 sermonis
954 1985 1084 2061 docent;
1114 2005 1185 2047 nam
1208 1985 1370 2068 Apostolus

130 2080 238 2147 contra
262 2071 457 2134 adversarios
481 2089 555 2134 suos
579 2078 678 2135 semet
701 2071 884 2134 defensurus
908 2073 1056 2134 rationem
1080 2073 1193 2151 reddit,
1219 2092 1277 2135 cur
1299 2074 1371 2134 inter

130 2155 303 2219 Corinthios
337 2159 431 2238 prima
466 2158 535 2219 vice
570 2165 711 2221 versatus
745 2177 807 2220 non
842 2158 942 2220 statim
983 2159 1178 2236 subtiliores,
1221 2160 1370 2223 intellectu

129 2242 317 2305 difficiliores
342 2243 500 2306 tradiderit
523 2244 688 2321 doctrinas,
713 2245 782 2325 quia
806 2244 944 2306 nimirum
967 2246 1045 2307 tales
1068 2245 1271 2329 intelligendo
1292 2264 1368 2306 non-

129 2329 199 2392 dum
223 2338 310 2393 erant
333 2348 433 2411 pares.
480 2329 554 2392 Cum
578 2338 677 2391 autem
693 2330 867 2393 Corinthios
890 2349 1001 2394 recens
1025 2350 1198 2396 conversos
1224 2332 1369 2405 carnales,

127 2415 147 2479 i.
182 2436 209 2478 e.
244 2434 339 2479 sensu
377 2417 526 2499 religioso
565 2416 743 2496 perfectiori
784 2417 920 2479 nondum
954 2418 1130 2498 praeditos,
1166 2426 1198 2481 et
1233 2418 1370 2500 parvulos

127 2503 159 2565 in
192 2502 311 2566 Christo
346 2502 490 2580 dixisset,
525 2521 607 2564 nunc
641 2504 840 2585 metaphorae
881 2503 1043 2567 inhaerens
1083 2505 1178 2586 prima
1214 2505 1369 2589 religionis

128 2589 312 2652 christianae
341 2589 512 2652 rudimenta
545 2589 704 2651 intellectu
738 2589 875 2652 faciliora
910 2591 984 2653 dicit
1007 2587 1077 2668 lac,
1107 2592 1219 2673 eisque
1253 2590 1370 2673 opponit

126 2694 244 2824 pacem,
259 2675 278 2736 i.
294 2694 321 2738 e.
336 2675 492 2738 doctrinas
515 2676 701 2754 subtiliores,
722 2677 967 2758 provectioribus
991 2684 1104 2741 tantum
1127 2678 1296 2743 tradendas
1309 2678 1369 2754 “l-

140 2768 169 2824 ta
195 2762 286 2825 etiam

213 2847 250 2922 h)
272 2847 364 2911 Hebr.
396 2847 426 2925 5,
452 2847 502 2911 12.
533 2847 582 2911 lac
616 2847 738 2911 minime
776 2848 903 2913 denotat
936 2852 1094 2913 tenuiores
1123 2858 1155 2912 et
1177 2850 1368 2934 imperfectas

126 2931 293 3004 doctrinas,
319 2953 387 2996 nam
413 2934 442 3013 li,
468 2933 495 2996 1.
519 2936 549 2999 2.
572 2933 741 3016 Apostolus
765 2936 831 3027 ipse
854 2937 961 3015 innuit,
997 2955 1073 3017 quas
1096 2938 1261 3021 intelligat,
1285 2937 1368 3000 nimi-

125 3040 190 3083 rum
223 3022 261 3083 de
284 3021 481 3103 poenitentia,
517 3020 556 3082 de
581 3021 640 3085 hde
670 3024 702 3084 in
725 3022 832 3100 Deum,
856 3024 895 3085 de
918 3024 1068 3104 baptismo
1090 3030 1122 3085 et
1144 3044 1290 3089 manuum
1313 3027 1366 3086 im·

124 3108 289 3189 positione,
324 3107 363 3169 de
388 3109 617 3171 resurrectione
650 3116 839 3173 mortuorum
863 3117 893 3172 et
911 3110 1029 3191 judicio
1061 3109 1175 3183 futuro,
1199 3131 1283 3192 quae
1306 3116 1368 3172 sunt

125 3192 308 3275 principales
332 3194 492 3276 religionis
516 3195 700 3257 christianae
723 3196 1049 3273 veritates;vccantur
1071 3204 1173 3261 autem
1190 3199 1244 3263 tac
1268 3198 1367 3261 aldem

126 3298 166 3343 ex
190 3298 293 3357 causa,
317 3281 360 3342 uti
382 3281 414 3343 in
436 3281 507 3343 laco
531 3282 674 3362 superius
698 3283 802 3344 citato.
1314 3344 1317 3349 ,

212 3373 246 3440 c)
269 3367 368 3429 Verba
392 3365 414 3427 l.
439 3366 507 3429 Cor.
531 3367 562 3440 9,
584 3367 638 3430 20.
676 3358 823 3446 ,infirmis
847 3368 982 3431 infirmus
1006 3367 1106 3432 iactus
1128 3372 1218 3432 sum“
1245 3371 1364 3435 seorsim

125 3453 319 3539 considerata
343 3452 503 3515 admittunt
525 3454 648 3534 quidem
673 3473 819 3516 sensum:
848 3455 897 3517 ille
921 3456 1129 3535 adtemperavi
1152 3456 1189 3519 ad
1216 3459 1363 3527 tenuiores

125 3539 287 3616 opiniones
318 3557 435 3617 eorum,
469 3539 520 3619 qui
543 3542 573 3601 in
597 3541 853 3621 cognitione-sua
877 3543 1012 3605 nondum
1035 3543 1110 3605 setis
1133 3546 1246 3607 maturi
1271 3550 1366 3618 aranu

125 3631 172 3687 asi
195 3625 285 3685 etiam
309 3624 347 3687 de
379 3627 663 3689 accommodatione
699 3627 910 3710 paedagogica
933 3629 983 3690 vel
1007 3628 1113 3693 rnorali
1140 3624 1273 3709 intelligi
1299 3646 1368 3713 pos·

124 3717 203 3773 sunt.
246 3709 292 3770 De
316 3729 445 3790 quanarm
469 3719 569 3774 autem
594 3715 885 3776 accommodationis
910 3716 1016 3796 specie
1039 3733 1147 3776 revera
1173 3715 1367 3801 intelligenda

122 3800 200 3874 sint,
232 3797 301 3858 luce
334 3797 446 3860 clatus
470 3807 571 3879 patet,
595 3800 620 3861 si
646 3807 809 3862 commus
834 3805 926 3863 totius
956 3802 1064 3882 capitis
1087 3801 1160 3865 noni
1184 3810 1216 3865 et
1241 3820 1368 3884 praece-

121 3884 221 3947 dentis
244 3882 437 3964 respiriatur.
463 3885 628 3965 Apostolus
652 3887 793 3948 nimirum
817 3886 951 3950 lectores
976 3896 1089 3957 monet,
1101 3888 1132 3949 in
1151 3890 1235 3951 orrrni
1260 3888 1366 3971 agendi

119 3972 237 4034 ratione
261 3969 354 4033 etiam
388 3972 612 4050 respiciendam
636 3991 708 4035 esse
745 3972 939 4037 inlirmiorem
974 3973 1101 4036 aliorum
1136 3978 1365 4050 conscientiam,

121 4064 152 4120 et
174 4056 386 4119 abstinendum
423 4057 473 4118 vel
495 4077 511 4118 a
535 4059 643 4141 licitis,
681 4060 818 4138 quamvis
842 4060 901 4121 hoc
924 4061 1109 4123 incommodi
1133 4061 1249 4142 aliquid
1273 4067 1364 4145 paret.

119 4145 148 4215 si
169 4144 384 4207 infirmioribus
409 4152 493 4207 certa
518 4145 640 4207 actione
674 4145 811 4208 scandali
832 4146 999 4229 periculum
1024 4146 1216 4237 adferretur3
1240 4148 1312 4212 dein
1335 4164 1366 4209 se

124 4308 432 4323 *uu—nu·-

163 4393 192 4455 1)
211 4391 263 4442 Cir.
281 4391 329 4442 hic.
358 4394 398 4455 16,
426 4393 465 4445 17.
491 4393 547 4445 hcl.
575 4409 597 4444 c.
624 4393 647 4442 2.
672 4407 694 4441 c.
726 4392 766 4442 10.
791 4392 822 4442 al.
853 4392 872 4444 1.
889 4390 949 4444 Cor.
975 4409 998 4444 c.
1023 4394 1076 4447 12··
1093 4394 1133 4446 11.
1157 4403 1184 4447 et
1206 4393 1361 4464 Englmann:

207 4460 263 4510 Von
283 4460 331 4510 den
353 4460 511 4512 Charismen.

142 4531 186 4592 “J
208 4527 259 4579 ctr.
280 4545 302 4577 c.
321 4530 346 4577 2.
364 4538 390 4578 at
410 4531 435 4591 3,
454 4533 478 4580 ti,
500 4532 537 4583 to.
559 4535 598 4584 ll·
