2834 4896
123 190 188 256 130

122 369 271 451 essetque
301 361 501 425 miserrimus.
545 360 609 424 llac
637 350 761 424 tandem
789 348 913 425 miseria
947 350 1111 425 alllictus
1100 378 1133 425 m
1155 378 1192 427 oe
1214 378 1356 428 reversus

121 443 299 535 cogitabat:
333 449 415 522 Ouot
437 449 617 511 mercenarii
640 450 735 527 patris
757 449 818 510 mei
840 447 991 511 alimentis
1015 448 1178 526 abundant,
1204 450 1278 512 dum
1302 471 1356 534 ego

119 536 171 600 hic
191 553 287 621 pereo
310 534 400 598 fame.
444 533 592 597 Revertar
612 534 707 617 igitur
728 534 766 597 ad
787 534 871 596 illum
894 535 1077 636 dicamque:
1100 535 1211 598 Paterl
1234 539 1358 618 peccavi

119 624 222 702 inte,
258 628 289 685 et
319 638 381 683 non
413 638 479 684 sum
503 620 630 703 dignus,
648 622 700 702 qui
723 620 849 701 amplius
873 628 943 683 tuus
966 623 1023 684 sim
1046 620 1143 701 filius,
1173 628 1293 685 tractes
1315 622 1358 686 ιιι

120 728 181 772 ceu
212 709 436 770 mercenarium
465 713 558 769 tuum.
604 705 693 781 Quod
725 714 757 769 et
786 708 887 771 statim
917 707 999 770 lecit.
1044 707 1136 770 Pater
1163 726 1263 789 vero,
1295 728 1358 772 cun

121 813 191 858 eum
223 794 343 856 videret
366 795 447 856 serio
472 795 700 874 poenitentem,
722 794 822 873 ipsum
845 794 958 876 gaudio
981 811 1093 876 magno
1116 794 1221 858 denuo
1242 797 1359 878 recepit

119 882 152 944 in
175 881 267 943 filium
291 887 348 942 etc.
373 917 412 926 -
436 880 520 942 Haec
542 881 636 962 igitur
656 880 688 941 in
710 879 855 960 parabola
878 881 936 943 ista
959 887 1030 943 sunt
1045 880 1235 960 essentialia,
1261 883 1358 945 omnia

120 967 239 1048 reliqua
261 984 354 1045 vero,
387 984 467 1047 quae
490 964 574 1029 salvi
598 966 749 1029 sententis
771 966 912 1049 primarii
943 967 1054 1029 abesse
1076 974 1224 1048 possunt,
1256 968 1358 1031 inser-

120 1055 206 1116 viunt
237 1054 335 1116 solum
357 1052 408 1115 vel
431 1053 469 1116 ad
492 1052 645 1116 miseriam
669 1052 722 1114 filii
745 1070 762 1115 a
784 1060 871 1135 patre
895 1052 1052 1135 absentis,
1083 1052 1134 1116 vel
1156 1053 1196 1115 ad
1220 1054 1358 1137 ejusdcm

120 1139 241 1203 reversi
264 1139 469 1202 conditionem
491 1139 628 1217 felicem,
651 1138 703 1201 vel
726 1138 763 1200 ad
786 1139 929 1201 laetitiam
951 1139 1044 1221 patris
1067 1156 1215 1202 summam
1238 1140 1358 1203 descri-

121 1225 261 1289 bendam.
285 1225 423 1308 lneptum
445 1226 549 1306 itaque
572 1231 658 1288 esset
680 1242 841 1306 quaerere,
865 1225 938 1305 quid
960 1242 1017 1307 per
1036 1242 1150 1308 porcos
1174 1233 1207 1288 et
1222 1226 1357 1308 siliquas,

118 1330 176 1396 per
197 1313 291 1394 patris
314 1311 485 1394 amplexum
509 1318 540 1373 et
559 1311 726 1389 oscculum,
749 1329 806 1391 per
828 1328 947 1390 servos,
969 1318 1098 1391 vestem,
1122 1311 1280 1392 annulum,
1296 1313 1358 1375 cal-

123 1415 198 1463 ceos
221 1404 253 1460 et
274 1399 399 1459 vitulum
423 1398 594 1480 saginatum
617 1398 656 1459 sit
677 1396 918 1479 intelligendum.

205 1486 242 1563 β)
257 1482 378 1558 Qoibos
400 1484 549 1547 limitibus
571 1484 891 1563 constrinqendo,oot
913 1502 1074 1564 quousque
1097 1485 1301 1547 extendendo
1321 1486 1359 1546 eit

121 1571 230 1651 oliqoo
250 1573 337 1632 notio
359 1588 388 1633 n.
411 1572 566 1633 sententio
576 1591 591 1644 ;
620 1589 694 1632 nom
715 1572 746 1631 ei
766 1571 934 1633 οοοιιιιοοι
955 1571 1110 1651 loquentis
1132 1579 1182 1632 est
1204 1571 1256 1645 id,
1281 1569 1359 1651 quod

122 1657 253 1736 loquens
286 1657 428 1719 oratione
459 1676 520 1720 sno
552 1656 689 1739 efflicere
717 1656 804 1725 uolt,
836 1664 867 1719 et
895 1657 939 1719 od
968 1657 1053 1736 qaod
1073 1658 1181 1718 omnio
1204 1658 1359 1719 orationis

121 1752 298 1823 conponant
315 1742 472 1807 mommo:
493 1744 637 1806 notiones
652 1748 684 1803 οι
695 1745 866 1804 sententiae
884 1760 921 1804 eo
938 1761 1037 1822 nsque
1050 1752 1125 1806 eunt
1145 1743 1358 1805 extendendae

123 1837 180 1891 out
200 1828 445 1909 restninpendae,
467 1839 502 1892 nt
523 1829 659 1892 consilio
682 1829 837 1908 loquentis
857 1829 1077 1910 respondeant.
1121 1828 1205 1891 Hinc
1226 1846 1359 1911 aequest

122 1914 339 1978 observandos
369 1923 417 1977 est
443 1932 564 1977 conon:
594 1913 761 1975 Notionem
782 1915 835 1976 cel
854 1916 1041 1977 sententiam
1062 1934 1101 1977 ne
1122 1916 1213 1977 altro
1233 1915 1360 1977 consilii

122 2002 271 2064 terminos
294 2001 457 2078 extendus,
479 2002 531 2062 oet
552 2000 639 2080 infru
661 2018 716 2061 coe
738 2002 923 2081 restrinpos.
969 1999 1020 2063 Sic
1041 2019 1069 2062 v.
1094 2019 1123 2082 g.
1147 2018 1171 2063 s.
1186 1998 1357 2064 Matthaeus

119 2087 264 2169 pericopa
298 2086 326 2166 1,
359 2086 409 2149 18.
441 2103 507 2167 seq.
529 2086 636 2148 babuit
667 2085 827 2148 consilium
857 2086 1006 2164 docendi,
1029 2087 1134 2150 Jesum
1159 2087 1282 2167 absque
1304 2087 1357 2149 viri

120 2172 294 2235 interventu
327 2190 383 2253 per
415 2170 557 2253 Spiritum
592 2188 616 2235 s.
649 2189 720 2234 esse
755 2178 955 2253 conceptum,
988 2178 1020 2235 et
1050 2191 1067 2234 a
1098 2173 1221 2254 uirgine
1246 2173 1358 2235 illibata

120 2266 242 2336 natum,
274 2276 334 2340 quo
366 2260 490 2340 cognito
518 2263 618 2339 patet,
648 2275 677 2320 v.
701 2258 753 2322 25.
776 2257 865 2320 dictis
889 2259 992 2321 inesse
1014 2276 1077 2321 non
1100 2276 1194 2339 posse
1218 2277 1358 2321 sensum:

119 2345 274 2406 Abstinuit
301 2344 455 2426 tosepnus
487 2363 504 2407 a
536 2344 615 2406 thori
648 2342 871 2406 consuetudine
901 2362 1000 2425 usque
1030 2344 1068 2406 ad
1091 2352 1211 2425 partum
1233 2345 1356 2425 Mariae,

121 2431 192 2492 dein
214 2447 289 2493 vero
312 2449 374 2493 non
397 2431 522 2512 amplius
546 2431 707 2506 abstinuit3
730 2448 799 2491 nam
821 2446 877 2510 pro
900 2431 1047 2511 peculiari
1070 2448 1126 2493 suo
1150 2429 1213 2492 fine
1236 2448 1263 2493 s.
1281 2432 1359 2494 Mat-

119 2517 210 2579 thaeo
245 2517 390 2579 docuisse
423 2516 615 2594 sufficiebat,
647 2516 720 2597 quid
743 2522 813 2577 ante
835 2523 953 2597 partum
977 2517 1091 2579 llariae
1113 2535 1176 2578 non
1200 2518 1357 2580 evenerit:

122 2603 195 2683 quid
217 2620 293 2664 vero
316 2608 424 2684 postea
447 2602 560 2665 lactum
593 2604 632 2664 sit
665 2602 715 2665 vel
744 2619 828 2679 non,
857 2603 979 2685 minime
1003 2604 1127 2665 curavit.
1173 2602 1259 2665 ldem
1283 2604 1359 2665 valet

119 2688 158 2751 de
187 2690 313 2751 notione
341 2691 429 2751 vocis
459 2687 653 2769 πρωτότοκος
682 2689 701 2750 1.
725 2706 768 2764 ο.;
791 2690 903 2751 etenim
925 2707 981 2770 pro
1004 2690 1150 2771 singulari
1174 2707 1199 2751 s.
1216 2689 1357 2752 llattlraei

120 2775 248 2837 consilio
279 2793 342 2837 uon
371 2775 468 2838 relate
498 2775 537 2837 ad
568 2776 645 2837 alios
667 2774 781 2836 Mariae
803 2774 895 2837 filios
909 2777 1103 2861 posteriores
1126 2776 1219 2838 Jesus
1242 2777 1358 2863 primo-

121 2863 242 2943 genitus
266 2861 393 2939 dicitur,
423 2861 479 2924 sed
501 2860 542 2923 ita
564 2859 780 2943 restringenda
804 2867 852 2924 est
874 2863 979 2941 ιιοιιο,
1011 2869 1045 2924 ιιι
1066 2864 1183 2939 innuat,
1207 2864 1357 2924 neminem

121 2954 209 3010 antea
232 2966 273 3011 cx
295 2947 403 3010 eadem
426 2954 523 3011 matre
541 2963 613 3011 esse
632 2953 745 3024 natum,
767 2947 892 3009 Mariam
914 2949 1019 3029 itaque
1032 2965 1187 3030 virginem
1197 2965 1357 3029 peperisse

119 3034 234 3098 lesum
279 3034 337 3107 Oui
367 3034 461 3117 igitur
490 3053 508 3097 e
537 3034 608 3096 loce
638 3033 690 3095 illo
722 3033 902 3116 colligeret,
930 3035 1055 3096 Mariam
1077 3039 1148 3115 post
1168 3033 1356 3097 nativitatem

121 3119 196 3183 Jesu
227 3121 363 3202 Josepho
398 3121 474 3183 alios
507 3119 668 3202 peperisse
701 3118 839 3201 liberos,
869 3120 931 3182 vim
964 3120 1114 3183 dictorum
1135 3120 1217 3183 ultra
1241 3120 1357 3184 consilli

123 3207 270 3271 terminos
293 3206 484 3271 extenderet.
527 3206 601 3269 Luc.
626 3204 677 3305 10,
699 3205 775 3268 4.1.
797 3206 845 3271 ιο.
867 3207 900 3285 2,
921 3206 975 3271 20.

679 3402 710 3471 §-
744 3392 797 3456 75.

449 3530 524 3587 Unde
542 3540 717 3601 cognoscatur
733 3531 864 3600 loquentis
882 3529 1026 3581 consilium.

208 3655 380 3719 Consilium
404 3658 559 3737 loquentis
581 3657 799 3735 copnoscitor:

208 3743 235 3805 1.
268 3740 320 3805 En
348 3743 601 3823 manifestatione
625 3743 695 3820 ejas
716 3743 783 3804 aioe
805 3741 933 3817 directo,
956 3740 1023 3802 sice
1038 3739 1204 3827 indirecto,
1227 3738 1270 3801 od
1293 3740 1360 3821 ipso

120 3836 250 3892 anctore
271 3829 325 3891 cel
346 3828 486 3909 loquente
505 3829 604 3909 soctd.

207 3918 244 3990 ο)
275 3912 402 3977 Directe
424 3923 554 3990 ooctor,
584 3912 676 3994 qnolo
698 3913 762 3975 sibi
785 3912 897 3974 librom
919 3910 1140 3974 consentiendi
1161 3909 1361 3973 obversatam

119 4000 219 4082 [uerit
250 4003 436 4078 consilinm,
465 4001 629 4076 declarat,
665 3999 696 4060 si
723 3999 782 4061 boc
813 4000 943 4061 disertis
976 3998 1096 4060 indicat
1117 3996 1223 4058 uerbis
1245 3999 1302 4059 oet
1322 3994 1364 4058 od

118 4089 241 4149 initium
264 4088 347 4165 libri,
370 4092 404 4149 ut
427 4104 452 4150 s.
474 4085 546 4147 Luc.
573 4086 601 4164 1,
626 4082 655 4145 3.
677 4082 708 4146 4.
732 4091 764 4147 et
786 4083 836 4145 hic
856 4084 898 4145 ibi
926 4083 1100 4163 psalmista;
1131 4083 1184 4145 oel
1205 4082 1250 4145 od
1269 4084 1363 4165 finem

119 4176 246 4253 operis,
268 4173 312 4236 uti
334 4190 358 4235 s.
382 4172 429 4234 ιο.
453 4172 506 4251 20,
530 4168 581 4233 31.
605 4169 626 4232 Ι.
650 4188 697 4248 ep.
721 4170 751 4247 5,
776 4168 825 4233 13.
850 4187 874 4233 s.
892 4171 1000 4233 Petrus
1023 4168 1044 4230 l.
1068 4187 1115 4249 ep.
1140 4170 1170 4247 5,
1204 4171 1279 4253 123
1314 4166 1366 4232 cel

119 4260 155 4320 in
187 4258 290 4321 media
320 4261 483 4336 oratione,
513 4258 557 4318 uti
591 4272 615 4317 s.
648 4254 757 4316 Paulus
789 4254 1018 4333 Romans.
1052 4254 1221 4319 culleum
1254 4256 1362 4335 1,1“ι.

121 4342 210 4417 Quod
239 4344 291 4406 ubi
313 4343 364 4423 fit,
387 4341 586 4406 declarationi
610 4340 769 4421 ejusmodi,
792 4342 851 4403 nisi
874 4303 1028 4403 autlrentia
1052 4341 1119 4421 ejus
1142 4348 1289 4421 suspecta
1313 4341 1363 4417 sit,

119 4434 211 4511 prout
238 4430 269 4492 in
304 4430 457 4492 nonnullis
487 4427 674 4491 Psalmorum
711 4425 977 4508 inscriptionibus,
1016 4427 1106 4509 plena
1140 4425 1284 4490 habenda
1315 4434 1366 4491 est

121 4514 215 4594 lides3
242 4516 341 4599 quivis
365 4516 446 4579 enim
468 4515 516 4577 sui
538 4512 634 4594 ipsius
658 4510 787 4592 optimus
810 4518 858 4576 est
880 4513 1042 4595 interpres.
