2834 4896
1218 176 1283 257 tii

46 355 108 419 lam
132 370 209 417 vero
233 352 403 416 concilium
425 354 558 417 'lritlent
580 374 659 419 sess.
677 357 724 420 lV.
747 348 1160 436 interpretationes'l’atrdm
1182 357 1284 420 inter·

45 442 223 523 prelationis
247 440 417 502 catholicae
440 459 575 502 narrrrnm
599 447 750 524 proponit,
776 447 856 507 irride
882 443 1073 507 trianiiestum
1093 440 1284 525 'ist,''my-

45 530 152 611 sticum
176 527 396 608 interpretandi
425 527 576 589 rationem
607 532 779 611 peripsam
803 532 1015 595 auctoritatem
1039 530 1283 593 concilii-accu-

44 614 156 677 menici
179 612 365 675 infallibilem
387 614 567 693 sancitam,¹
583 614 726 698 adeoque
749 613 923 681 Carnoncir'
947 634 973 680 s.
996 608 1182 699 Seripttiram
1212 634 1284 697 my·

44 702 122 763 elice
145 698 403 779 interpretandam
427 718 508 762 esse.
924 716 948 727 ’·
1020 742 1023 749 -
1109 696 1112 701 ’
1265 734 1270 745 -

52 838 71 847 ..
131 788 226 865 liasp.
247 786 455 849 Praesentibus
476 789 628 849 ccclesiae
650 790 923 852 inconciliallid
945 788 1145 869 conprepatis
1162 808 1284 871 ncpna-

43 892 141 955 paona
161 872 198 935 id
216 872 319 952 fnisse
348 873 494 946 consilii,
528 880 564 935 nt
594 877 745 955 mysticos
766 876 897 939 Patrem
917 877 1194 961 inerpretatiancs
1225 892 1285 937 cca

44 976 191 1023 carinam
210 967 433 1039 proponerent,
454 976 476 1019 a
496 976 561 1039 qna
581 962 698 1023 nemini
720 959 953 1025 Cattadcaram
973 960 1136 1024 discedere
1165 961 1284 1038 liceret

43 1066 86 1195 aab
105 1048 184 1125 ipsa
205 1045 253 1105 rei
274 1052 401 1122 amarc,
417 1063 475 1107 nac
488 1064 552 1106 nan
568 1050 789 1111 ccccccsiane
809 1050 904 1129 lip'ns
920 1048 1038 1111 demeti
1050 1049 1182 1129 ejusque
1200 1062 1285 1127 par·-¹

60 1135 131 1195 ἰε
149 1138 249 1211 patet.
513 1176 518 1187 .

132 1222 169 1292 a)
192 1216 243 1279 Ea
263 1217 312 1279 rei
333 1225 457 1279 namra.
509 1220 547 1281 Si
569 1220 652 1281 enirn
672 1220 841 1283 concitam
866 1238 926 1299 per
953 1220 1132 1283 anonimem
1154 1210 1285 1281 Patrem

45 1322 237 1367 consensum
256 1304 466 1366 intellexisset
485 1307 635 1384 mysticas
658 1324 766 1369 earam
774 1307 1057 1386 interpretationes,
1070 1306 1165 1367 talem
1176 1322 1286 1367 earam

44 1391 214 1455 noluisset
233 1408 422 1451 centensem
443 1399 475 1452 ct
494 1393 761 1470 interpretationis
783 1410 944 1468 nomnen,
973 1392 1079 1472 qualis
1099 1410 1164 1453 nan
1184 1392 1284 1453 adest.

46 1475 128 1539 Nom
147 1476 315 1537 unanime
326 1475 457 1537 Patrem
477 1478 512 1537 in
532 1479 667 1557 mystico
688 1481 944 1558 interpretatione
961 1494 1136 1540 comenses
1157 1478 1286 1539 nonnisi

50 1572 111 1624 tum
133 1562 268 1639 concedi
286 1570 403 1641 posset,
426 1563 457 1624 si
479 1581 587 1624 omnes
607 1565 661 1626 cel
681 1570 717 1638 a)
740 1567 851 1627 iisdem
873 1565 954 1627 tacis
981 1564 1107 1626 madent
1134 1563 1286 1643 mpsticas

49 1648 260 1727 subjecissent
280 1666 415 1721 sanson
447 1649 499 1711 ecl
526 1651 638 1711 saltem
664 1651 702 1729 β)
724 1653 758 1712 in
789 1668 902 1730 pestere
931 1650 1060 1731 mystice
1088 1651 1286 1730 interpretati

46 1742 154 1803 essem
173 1753 202 1795 a.
225 1730 430 1813 Scriptorum
452 1734 547 1815 Atqui
568 1738 602 1797 in
623 1737 770 1798 masibor
792 1738 933 1816 mysticis
953 1737 1011 1797 oni
1032 1736 1191 1815 mdempttc
1213 1736 1285 1797 loco

46 1820 201 1899 radicatis
222 1822 279 1883 aim
309 1838 446 1900 ananam
467 1821 531 1883 dac
553 1822 667 1884 Patres
696 1825 911 1900 consentiant,
943 1823 1016 1884 dam
1043 1822 1079 1882 in
1111 1838 1209 1882 sensa
1231 1822 1284 1882 lti-

45 1906 295 1985 storica-lopieo
317 1908 505 1985 saepissime
525 1918 582 1970 aut
601 1925 720 1982 omnes,
743 1919 801 1972 act
820 1910 933 1971 saltem
951 1909 1063 1989 plores
1084 1902 1283 1983 etinveniunt,

45 1995 93 2057 na
113 1993 238 2055 mittis
260 1992 377 2055 decreti
408 1992 515 2054 cerdis
543 2012 658 2056 sensas
685 1997 790 2074 petias
823 1994 1133 2072 distance-lopiano
1154 1991 1286 2054 Petram

43 2079 256 2157 respicietur,
286 2096 380 2158 poam
412 2081 538 2157 ripatici
558 2082 819 2144 commendentur.
865 2112 906 2127 -
949 2080 1017 2144 sed
1035 2098 1074 2141 ne
1095 2080 1131 2141 in
1151 2080 1286 2159 mpsdca

45 2166 172 2245 pmatem
191 2164 451 2246 interpretatione
481 2173 652 2245 pancratitn
682 2169 842 2230 menimis
873 2168 966 2230 adest
987 2184 1032 2229 ss.
1054 2164 1184 2229 Paron
1205 2182 1287 2226 ean-

45 2269 188 2325 sensrtsr¹
206 2268 280 2313 nom
400 2316 404 2323 ,
633 2264 637 2269 ·

135 2344 196 2412 aa)
218 2339 277 2401 olii
296 2339 460 2419 mysticam
481 2339 769 2417 interpretationem
790 2349 897 2419 aperte
918 2338 1106 2418 improbant,
1127 2336 1174 2399 nti
1186 2334 1289 2403 tneo·

48 2430 150 2491 doras
171 2424 412 2505 ilapsoestcnas
420 2425 473 2501 11),
494 2425 579 2504 pand
599 2424 640 2487 ab
662 2427 740 2487 aliis
760 2444 883 2506 poaque
908 2426 1027 2505 sactum
1049 2442 1134 2500 esse,
1156 2442 1184 2484 s.
1207 2423 1287 2484 Hie·

50 2512 208 2593 sampiru-
221 2511 419 2589 innuit,dam
440 2512 478 2572 de
500 2512 697 2573 aduersariis
718 2514 923 2591 mysticarum
944 2530 1075 2573 worn
1096 2512 1287 2588 interpreta-

53 2601 288 2679 tionumpaann
306 2599 455 2677 plurimis
476 2606 538 2659 tom
560 2599 643 2659 inter
664 2598 948 2674 anticameram
970 2600 1052 2659 inter
1081 2590 1290 2658 lsenradaacs

51 2686 270 2766 comparentem
431 2740 436 2745 .

100 2817 107 2829 .
137 2772 196 2846 lad)
217 2772 275 2833 clii
296 2772 425 2833 nonnisi
447 2779 502 2833 cat
532 2769 644 2833 sanem
673 2771 865 2850 praeprimis
898 2788 1026 2831 sensam
1059 2769 1212 2831 literalem
1235 2786 1289 2831 se-

49 2866 199 2940 qaanmr,
220 2860 267 2920 ati
291 2854 523 2933 Tertullianus,
545 2856 734 2937 Tlreoplrilns
759 2856 857 2932 Alea,
879 2874 905 2917 s.
935 2854 1143 2935 Hieronymus
1162 2854 1231 2931 ii),
1264 2874 1290 2917 s.

50 2946 296 3026 ctrpscsromas
317 2952 348 3005 et
369 2945 402 3005 ia
423 2962 536 3023 pecare
559 2943 670 3005 sclicla
692 2942 897 3017 Antiacltena,
919 2960 946 3003 s.
969 2939 1128 3016 Basilius,
1154 2958 1179 3002 s.
1206 2942 1289 3002 Gre-

49 3034 163 3113 parios
189 3027 434 3113 Nonianrcnas3

136 3120 194 3191 cc)
215 3116 275 3179 alii
296 3116 551 3197 interpretationi
572 3116 723 3196 mysticae
754 3114 875 3177 addicti
896 3121 971 3177 sant
997 3111 1138 3194 puidam,
1172 3113 1218 3175 ita
1241 3122 1291 3175 tc-

137 3294 177 3367 e)
198 3288 392 3352 discriminis
413 3288 496 3349 inter
517 3304 644 3349 sensam
655 3286 808 3349 literalem
830 3294 861 3349 et
880 3285 1046 3367 mysticam
1067 3284 1292 3347 intercedentis

50 3370 151 3457 prode
172 3392 292 3457 pnaros
313 3393 348 3437 se
371 3392 440 3435 ease
462 3374 609 3453 prodam,
631 3375 678 3435 nti
699 3375 766 3453 ipsc
789 3392 816 3434 s.
838 3371 1050 3451 depectimus,
1082 3372 1116 3431 in
1137 3389 1293 3433 commen-

51 3464 213 3527 dationem
234 3462 384 3542 mysticae
406 3460 677 3542 interpretationis
687 3477 787 3540 snpra
809 3458 970 3535 laudatas,
987 3458 1041 3537 pai
1062 3457 1097 3518 in
1118 3468 1212 3537 opere
1235 3475 1294 3519 soe

91 3745 121 3812 '³
138 3738 1143 3881 linitttitlli‘littlli2tiltltnllttiltnltllttt
1161 3739 1295 3860 illinit

139 3890 183 3945 ut,
206 3898 274 3949 quaa
296 3831 394 3949 popula
417 3880 556 3933 israelitice
583 3848 761 3947 cdntigernnt,
779 3877 813 3929 de
834 3876 936 3930 Gliristo
954 3877 1112 3946 intelligant,
1135 3846 1294 3945 iudiciaqud

139 3950 279 4003 ludibrium
305 3950 447 4018 praebeant
473 3948 669 4001 ostendentibus
687 3963 720 4001 ex
737 3947 877 3999 vorborum
904 3948 1105 4015 consequentia,
1125 3946 1187 3997 nihil
1204 3961 1294 3997 earum

141 4020 176 4073 ad
198 4018 326 4073 clinnum
349 4021 504 4086 pertinera.“
539 4018 588 4071 Ast
609 4016 706 4069 Tlteod.
729 4016 905 4083 llapsuesteui
932 4016 1056 4077 audacia,
1083 4031 1135 4083 qua
1161 4030 1212 4065 una
1236 4031 1295 4065 cum

140 4090 251 4155 mystico
269 4088 345 4140 simul
362 4097 388 4140 et
406 4087 593 4155 propheticum,
613 4085 783 4152 symbolicum
808 4101 840 4137 ac
862 4086 976 4152 typicum
993 4098 1099 4135 sensnm
1116 4098 1132 4134 a
1150 4100 1186 4135 ss.
1204 4083 1294 4145 literis,

93 4206 98 4216 ,
140 4159 305 4225 paucissimis
322 4157 390 4211 lacis
409 4158 535 4222 exeeptis,
553 4155 686 4207 alitriinare
704 4155 809 4218 studuit,
827 4155 862 4205 ita
880 4163 909 4206 ut
925 4153 968 4205 vel
986 4151 1119 4205 Canticum
1137 4154 1296 4211 canticorum

142 4242 216 4279 mera
233 4226 421 4279 camnulasoo
439 4241 504 4293 pura
522 4228 646 4279 arcticum
661 4224 816 4285 declararet,
827 4223 859 4275 ab
878 4221 990 4275 ecclesia
1008 4222 1099 4272 nerito
1117 4220 1238 4274 damnata
1256 4230 1297 4274 eat

142 4298 169 4347 in
188 4311 264 4355 eoae.
281 4294 478 4360 Gonsmntinop.
494 4294 525 4345 ll.
545 4311 585 4345 an.
604 4294 662 4345 554.

76 4366 127 4433 ”³
143 4359 1152 4487 aditi‘'tlt‘':t‘tlltttll‘liitini-2¹¹1“tltttltnlili'ttl
1165 4360 1298 4481 lidii?

143 4449 510 4571 lstutdliilr.edlripledlrerm’.
529 4516 588 4569 pag.
607 4448 679 4552 33.g
751 4468 760 4492 ¹
788 4452 800 4484 β
1100 4568 1139 4633 21
1172 4500 1175 4505 '
1205 4446 1250 4495 m
