2834 4896
98 174 162 241 162

185 347 213 409 1.
245 344 359 409 Omnes
390 338 578 423 arqumenti'
595 343 751 424 pravitate
782 342 936 415 eminent;
963 342 1132 422 pleraeque
1166 342 1331 426 admocum

90 435 237 514 praecise
247 431 469 512 proponuntur
490 439 547 492 out
559 437 634 509 opto
653 428 859 491 membrorum
868 428 1086 509 parallelismo
1099 429 1331 507 disponuntur5

93 521 178 582 oliae
207 518 300 580 valde
330 517 519 597 perspicuae
541 523 616 576 sunt
637 516 688 576 vei
709 515 833 577 idoneis
855 515 1044 594 imaqinibus
1065 517 1196 576 vestitae
1208 536 1222 588 ,·
1251 517 1330 576 oliae

90 624 167 669 vcro
201 604 386 667 obscuritati
406 604 500 682 atque
522 601 719 680 ambiquitoti
740 603 885 664 consulto
908 600 1125 677 involvuntur,
1148 620 1210 681 quo
1235 603 1332 682 maqis

90 693 135 754 od
152 689 393 773 profundiorem
414 688 546 750 invitent
566 687 747 766 indaqinem
759 685 797 762 ii)

177 793 206 855 2.
240 790 416 854 Proverbio
447 798 523 853 sunt
552 793 646 871 quusi
669 789 874 870 pbilosopbiu
900 790 1014 872 populi
1031 806 1233 870 perennans,
1257 791 1331 869 quia

88 897 272 963 quacunque
306 877 382 939 doto
415 879 582 939 occasione
612 877 715 938 denuo
743 896 779 938 se
809 875 946 957 offerunt
974 885 1005 938 et
1024 876 1282 956 comprobantur,
1303 883 1332 938 et

90 967 162 1028 ideo
184 966 286 1028 variis
307 962 403 1025 rebus
426 964 637 1043 applicantur.

173 1067 202 1130 3.
237 1067 427 1129 Gnomarum
459 1067 544 1128 oliae
567 1066 652 1148 quod
673 1068 797 1129 omnino
809 1113 819 1144 ,
848 1068 1021 1147 generatim
1060 1066 1165 1143 valet,
1198 1066 1330 1146 speciali

13 1221 16 1226 ,
88 1155 194 1236 aliquo
226 1172 305 1216 casu
335 1154 514 1234 exprimunt
522 1174 537 1227 ;
569 1154 654 1215 aliae
683 1161 797 1215 contro
832 1154 1011 1232 sinqularia
1038 1171 1099 1234 per
1131 1151 1327 1216 universalia

85 1248 332 1321 repraesentant,
355 1249 413 1302 aut
432 1238 607 1320 quodcum
629 1241 852 1316 restrictione,
887 1241 924 1302 dc
951 1240 1071 1320 potiori
1089 1246 1184 1319 purte
1208 1239 1327 1301 intelli-

83 1327 217 1407 qendum
239 1335 295 1400 est,
318 1325 472 1401 obsolute,
495 1325 533 1386 de
557 1325 712 1403 omnibns,
736 1345 811 1406 erpo
834 1325 1033 1406 hyperbolice
1056 1327 1231 1386 enuntiant.

169 1428 327 1511 Ejusmodi
345 1427 410 1508 jam
432 1426 513 1490 dicta
529 1446 591 1491 non
614 1427 651 1490 ad
675 1429 776 1491 vivum
791 1427 1055 1506 suntresccanda,
1078 1426 1160 1508 quod
1184 1429 1212 1489 si
1232 1425 1327 1506 fieret,

84 1530 238 1614 perversa·
266 1531 361 1612 saepe
396 1519 582 1662 amerparet'
601 1514 831 1616 interpretati03
862 1513 919 1576 sed
953 1532 1021 1577 cum
1044 1530 1140 1597 grano
1173 1512 1260 1592 salis,
1291 1519 1321 1576 ut

86 1599 201 1676 dicunt,
225 1597 435 1681 intelligenda.
496 1619 643 1682 nspecre
665 1619 741 1663 vero
765 1609 943 1682 interpres:

172 1707 211 1779 o)
242 1701 483 1783 proverbiorum
514 1723 643 1766 sensum
673 1705 808 1786 singulis
837 1705 872 1767 in
906 1704 1025 1767 loaisa
1048 1711 1195 1767 contentu
1218 1703 1326 1767 deter-

86 1789 182 1852 minet
203 1787 271 1853 coll.
295 1793 325 1862 s.
348 1787 417 1864 59.;

171 1892 209 1968 b)
232 1894 262 1954 si
283 1891 481 1954 universalia
500 1908 559 1972 per
571 1893 761 1972 sinpuloria,
779 1891 942 1973 qeneraiic
957 1908 1016 1972 per
1033 1891 1188 1971 specialia
1197 1911 1326 1972 reprac-

84 1986 258 2054 tentantur,
281 1980 316 2039 in
337 1978 424 2040 bisce
446 1995 510 2038 non
531 1977 708 2056 subsistat,
740 1980 798 2040 sed
825 1979 868 2040 ad
894 1978 953 2039 illo
982 1985 1133 2057 assurpot
1142 1998 1157 2051 ,·
1179 1977 1227 2039 sic
1249 1996 1278 2040 n.
1298 1996 1325 2060 g.

87 2062 159 2127 dum
182 2062 320 2126 Christus
350 2063 401 2126 Mt.
433 2062 465 2136 9,
498 2063 546 2127 15.
580 2064 800 2146 interrogatus,
823 2081 879 2125 cur
901 2061 1041 2143 discipuli
1065 2065 1132 2143 ejns
1155 2080 1220 2125 non
1240 2065 1325 2146 jeju·

85 2155 177 2228 nent,
208 2150 394 2232 singularem
416 2148 498 2210 hunc
520 2148 622 2212 adfert
643 2168 767 2213 casum:
800 2150 868 2211 Non
891 2147 983 2211 decet
1004 2149 1113 2230 sponsi
1136 2150 1256 2212 amicos
1278 2151 1326 2212 lu-

84 2235 339 2318 gere,.quamdiu
361 2251 493 2316 sponsus
517 2253 586 2298 cum
608 2236 667 2300 illis
691 2243 757 2314 est,
780 2236 800 2297 i.
824 2253 851 2297 e.
876 2234 984 2297 diebus
1007 2234 1214 2315 nuptialibus:
1238 2252 1325 2297 nemo

82 2339 145 2384 non
178 2321 217 2385 ad
250 2322 401 2385 sermonis
433 2323 630 2385 occasionem
661 2322 831 2403 respiciens
864 2321 1035 2403 intelliget,
1076 2321 1242 2383 Dominum
1273 2337 1327 2402 per

80 2407 178 2470 simile
208 2408 282 2471 illud
314 2408 487 2490 exemplum
511 2409 646 2489 speciale
676 2408 854 2491 generalem
886 2407 966 2468 hanc
989 2407 1162 2490 exprimere
1186 2407 1324 2471 voluisse

81 2495 284 2558 sententiam:
315 2494 412 2558 Nemo
448 2494 584 2577 prudens
607 2494 700 2572 iacit,
736 2494 819 2574 quod
850 2500 936 2556 certa
959 2493 1090 2575 tempori
1113 2500 1145 2555 et
1167 2492 1240 2555 loco
1263 2510 1325 2556 non

59 2581 246 2655 convenit3
290 2580 545 2662 quemadmodum
578 2597 655 2662 ergo
689 2581 796 2661 sponsi
833 2580 948 2641 amicos
984 2579 1093 2642 diebus
1137 2580 1325 2659 nuptialibus

80 2663 206 2748 lugere,
238 2666 279 2727 ita
302 2673 334 2728 et
356 2665 523 2746 discipulos
546 2683 643 2743 meos,
667 2665 810 2746 quamdiu
833 2684 894 2748 ego
919 2683 988 2727 cum
1011 2667 1057 2728 eis
1079 2683 1158 2743 sum,
1182 2667 1323 2728 tristitiae

83 2750 177 2813 edere
209 2751 297 2832 signa
327 2751 499 2831 (jejunare)
526 2751 707 2813 dedeceret.
751 2751 867 2814 Eadem
889 2751 982 2814 modo
1006 2750 1075 2813 dum
1098 2751 1191 2814 Jesus
1216 2753 1267 2815 bit.
1291 2751 1321 2829 t,

85 2836 132 2900 16.
157 2835 246 2898 dicit:
282 2835 378 2915 ,Num
401 2836 440 2900 de
463 2837 558 2918 spinis
582 2837 730 2919 colligunt
752 2855 826 2900 uvas
849 2837 943 2900 etde
966 2837 1083 2899 tribulis
1106 2837 1234 2899 licus?“
1259 2855 1321 2900 non

80 2921 119 2983 de
142 2921 237 3003 spinis
271 2928 324 2984 aut
354 2923 472 2985 tribulis
502 2924 587 3001 solis,
610 2924 671 2985 imo
694 2941 734 2986 ne
756 2923 796 2985 de
819 2923 979 2985 arboribus
1003 2923 1125 3004 quidem
1148 2942 1185 2985 ac
1208 2924 1318 3004 plantis

79 3008 264 3089 ignobilibus
286 3008 317 3071 in
341 3027 479 3091 genere,
510 3026 589 3089 quae
623 3003 740 3072 tructus
773 3009 891 3071 nobiles
915 3008 996 3071 ierre
1019 3027 1082 3071 non
1104 3016 1246 3089 possunt,
1270 3013 1325 3072 est·

78 3094 291 3176 cogitandum3
315 3095 372 3156 sed
396 3096 434 3157 da
456 3097 610 3157 sententia
633 3095 770 3178 generali
793 3093 869 3157 hac:
893 3094 920 3157 A
941 3094 1021 3157 nulla
1044 3114 1089 3174 ra,
1113 3114 1191 3178 ergo
1215 3113 1318 3179 neque

77 3179 116 3243 ab
141 3180 262 3242 humine
286 3187 461 3261 exspectes,
485 3181 569 3263 quod
590 3181 685 3243 indoli
709 3182 776 3262 ejus
799 3187 975 3264 repugnat3

88 3270 91 3275 '
161 3272 197 3342 c)
220 3263 304 3347 quod
323 3267 465 3329 obsolute
479 3274 535 3329 aut
547 3269 720 3330 universim
729 3271 926 3348 proponitur,
950 3267 1162 3330 conditionate
1183 3277 1321 3329 autcum

77 3353 276 3415 restrictione
300 3369 357 3414 seu
379 3349 576 3434 hyperbolice
607 3355 723 3416 dictum
746 3354 909 3435 intellipot,
932 3355 1175 3435 quotiescunque
1199 3363 1259 3416 out
1277 3353 1325 3414 rei

77 3445 204 3513 nutura,
226 3446 283 3500 cut
304 3439 376 3500 loca
394 3438 565 3519 parallelo,
588 3449 645 3502 aut
662 3441 823 3521 principia
847 3440 1002 3521 loquentis
1017 3440 1102 3502 alios
1118 3438 1324 3518 nranisestato

77 3522 112 3583 id
130 3523 316 3602 postu-lont,·
338 3543 366 3585 v.
390 3543 421 3607 g.
444 3522 592 3588 Proverb.
618 3525 657 3587 15
671 3573 679 3604 ,
693 3603 696 3608 Ι
712 3525 761 3588 15.
792 3525 927 3606 ,Omnes
952 3524 1018 3587 dies
1041 3526 1184 3608 pauperis
1208 3525 1321 3600 mali;“

78 3604 130 3687 to,
152 3607 183 3670 4.
231 3608 379 3686 ,Divitiae
410 3609 526 3672 addunt
556 3611 671 3674 amicos
694 3611 860 3691 plurimos,
898 3629 1073 3693 apaupere
1104 3619 1204 3674 autem
1230 3617 1262 3672 ct
1282 3609 1321 3689 hi,

78 3710 159 3775 quos
182 3691 296 3771 habuit,
319 3698 550 3777 separantur;“
574 3697 647 3760 Luc.
663 3697 713 3776 16,
738 3697 788 3760 15.
820 3696 929 3776 ,Quod
952 3697 1123 3760 hominibus
1148 3697 1242 3759 altum
1266 3703 1323 3775 est,

73 3779 265 3856 abominatio
296 3785 345 3842 est
378 3781 459 3863 apud
491 3781 620 3846 Deum.“
658 3783 745 3846 Ram.
769 3783 820 3858 12,
841 3784 914 3846 20.:
961 3783 991 3851 Si
1016 3784 1158 3846 esurierit
1179 3783 1322 3846 inimicus

78 3866 167 3944 tuus,
202 3864 270 3928 ciba
293 3865 397 3943 illum3
420 3868 447 3930 si
469 3869 543 3948 sitit,
565 3876 671 3951 potum
695 3869 732 3932 da
755 3869 819 3947 illi;
842 3868 902 3932 hoc
926 3870 1005 3932 enim
1029 3869 1145 3933 iaciens
1170 3869 1323 3932 carbones

76 3951 160 4034 ignis
184 3968 337 4036 congeres
360 3968 454 4035 super
475 3962 566 4038 caput
589 3955 688 4040 ejus.“
713 3957 801 4019 Pron.
824 3957 877 4030 25,
900 3956 952 4021 21.
974 3955 1025 4021 22.

42 4270 45 4275 ¹
112 4177 139 4265 ·)'
157 4197 304 4253 Demetrius
315 4199 417 4254 Phaler.
434 4184 658 4272 aspi-ipsarum
676 4219 698 4254 c.
718 4218 743 4270 g.
764 4218 884 4272 gnomvm
904 4211 1036 4270 comparat
1054 4198 1116 4253 cnm'
1131 4203 1241 4264 semina,
1252 4201 1324 4321 «pund

160 4284 241 4336 parvo
270 4271 402 4324 volumine
426 4279 477 4322 tam
496 4287 590 4340 magna
609 4270 798 4337 complectitur,
816 4275 850 4325 ita
869 4281 897 4324 ut
915 4281 974 4324 anta
993 4271 1084 4323 oculos
1104 4271 1169 4338 ejus,
1189 4273 1233 4340 qui
1252 4271 1323 4321 ilem

158 4338 945 4479 intrintilianum'bisuntinus
969 4341 1078 4411 ‘imi‘
1097 4357 1120 4392 ⁰·
1139 4339 1180 4392 ¹⁹'
1199 4355 1323 4410 ⁸⁰⁰¹¹¹⁸¹¹¹
