2834 4896
96 189 158 255 tto

178 365 208 424 2·
226 362 370 442 ,Scripta
404 387 447 430 ss.
472 367 621 439 Petrum,
651 370 757 442 utpote
789 364 843 443 qui
872 362 923 423 eel
951 361 1123 423 immediati
1144 360 1199 424 ecl
1221 361 1341 424 saltem

93 450 221 510 modioli
250 448 474 527 Apostolorum
503 452 652 530 discipuli
683 456 790 523 erunt,
813 450 926 528 quique
962 448 1139 509 doctrinam
1164 445 1290 509 Christi
1313 457 1345 510 et

93 534 318 615 Apostolorum
350 541 425 601 otoo
458 558 536 601 occe
569 544 730 637 occeptum
763 537 796 595 in
829 535 961 613 seriptis
995 537 1065 595 suis
1095 535 1339 635 cosmpnmunt,

92 639 190 701 neque
221 623 260 684 de
290 624 391 687 nanus
424 635 511 687 recto
544 624 613 701 ejus
644 621 832 699 eopnitionc,
864 638 922 681 nec
944 621 982 680 de
1003 619 1065 697 fide
1099 620 1188 681 loeso
1223 622 1260 681 im
1281 621 1339 682 illo

91 705 302 808 proponendo
339 714 480 791 suspecti
518 728 589 773 esse
621 715 775 790 possunt,
810 706 865 768 ubi
893 707 1086 768 unanimiter
1125 708 1338 783 eomsmduut,

93 795 207 874 quippe
240 795 295 874 qui
326 816 503 861 cousensus
535 815 606 859 cum
639 794 824 874 ipnorontio
857 800 915 871 out
946 792 1037 854 loesn
1067 791 1129 869 fide
1162 791 1339 855 subsistere

93 881 210 961 nequit.

179 965 291 1027 Verum
323 968 479 1031 enimvero
510 967 548 1030 ed
578 972 697 1028 rectum
722 972 783 1026 tum
805 981 831 1025 s.
855 962 1024 1044 Sciptnrae,
1048 962 1141 1025 tum
1133 980 1275 1044 ipsorum
1296 980 1335 1027 ss.

93 1051 213 1113 Petrum
247 1070 336 1116 usum
365 1054 424 1118 hae
453 1056 485 1118 in
516 1071 552 1116 re
580 1051 756 1114 faciendum
778 1052 813 1112 in
835 1051 931 1113 rebus
950 1051 1027 1130 fidei
1048 1058 1079 1113 et
1099 1068 1226 1112 morum
1249 1050 1335 1112 sliri·

95 1140 271 1200 stiunorum

179 1224 209 1285 3.
233 1242 391 1306 nunquam
421 1246 485 1288 nort
513 1224 679 1304 interpreti
710 1224 801 1285 discis
823 1231 853 1284 et
874 1240 1003 1283 normoe
1025 1221 1211 1284 directricis
1234 1224 1334 1284 iustus

93 1311 313 1389 respiciendus
342 1322 392 1377 est
420 1330 536 1376 seusus
564 1310 719 1374 ecclesiae
749 1308 941 1387 catholicoe,
973 1313 1007 1370 ut
1034 1307 1066 1370 in
1099 1306 1332 1392 prolegomenis

91 1394 293 1459 ostendimus.

607 1553 636 1619 b)
655 1552 826 1604 heterodoxis.

199 1673 461 1749 Quemadmodum
496 1677 659 1756 Apostolis
692 1676 848 1739 adversus
880 1673 1073 1736 iudaeorum
1104 1682 1135 1736 et
1168 1674 1330 1755 pontillum

91 1779 218 1823 errores
239 1764 432 1838 certandum,
454 1765 500 1826 ito
522 1767 616 1826 ctione
638 1770 750 1825 contro
773 1781 828 1823 eos
850 1770 920 1823 eret
938 1760 1165 1839 pnpuoudom,
1188 1763 1246 1842 qni
1273 1761 1331 1821 tlo-

92 1849 214 1927 etrinos
245 1850 438 1927 christianos
466 1851 510 1912 od
536 1851 718 1930 principio,
748 1867 827 1927 quoe
849 1857 922 1909 onte
943 1867 1036 1909 soum
1056 1848 1220 1909 adsuere
1243 1847 1332 1909 oltri-

88 1935 195 1996 stiuno
234 1937 402 1997 tremitum
437 1936 646 2012 imbiberent,
681 1933 881 2013 conformare
918 1933 1093 1995 studebunt.
1162 1932 1338 2014 Praecipiti

88 2038 197 2081 smum
221 2031 295 2084 suut
323 2021 467 2083 Gnostici
489 2032 520 2085 ct
540 2021 717 2098 Ebionitoe
742 2037 871 2100 quorum
894 2019 1026 2100 priores,
1049 2018 1266 2100 philosophiae
1291 2019 1334 2081 sic

88 2104 188 2168 dictae
219 2107 359 2169 orientali
393 2106 498 2185 dediti,
522 2107 661 2170 diversas
686 2107 898 2168 emanationes
921 2106 1112 2180 statuebant3
1135 2104 1176 2167 de
1200 2123 1333 2187 corpore

86 2190 218 2254 humano
242 2199 274 2254 et
296 2192 408 2274 nuptiis
432 2193 567 2255 tenuiter
590 2193 775 2271 sentiebant,
801 2199 832 2253 et
853 2209 915 2254 non
939 2199 1053 2254 tantum
1065 2192 1099 2254 V.
1112 2191 1145 2252 Τ.
1170 2190 1332 2273 despectui

86 2276 249 2356 habebant,
272 2277 328 2341 sod
352 2285 451 2342 semet
472 2281 557 2360 ipsos
582 2280 762 2342 etiemlesu
786 2277 984 2358 ethpostolis
1008 2278 1215 2359 sapientiores
1240 2297 1332 2358 prae-

86 2363 246 2441 dicabant,
278 2365 437 2447 variisque
469 2366 709 2446 sophismatibus
742 2384 778 2426 ec
809 2363 920 2425 fabulis
950 2364 1090 2426 homines
1123 2363 1330 2439 deludebant3

84 2448 246 2513 Ebionitae
267 2470 354 2528 vero,
375 2451 532 2514 ludaismo
556 2452 651 2514 veluti
675 2451 820 2529 immersi,
844 2450 878 2511 V.
890 2450 923 2512 T.
946 2451 1040 2512 libros
1064 2450 1249 2530 apostolicis
1272 2468 1331 2511 non

85 2536 177 2599 modo
201 2538 458 2617 aequiparabent,
495 2538 570 2614 sed,
603 2538 784 2618 quibusdam
817 2537 942 2612 saltem,
966 2535 1199 2617 praeferebant3
1225 2537 1330 2598 lesum

85 2640 202 2683 merum
231 2623 384 2684 hominem
414 2624 585 2698 habebant;
617 2624 801 2686 crassiorem
831 2622 1019 2684 chilinsmum
1053 2623 1278 2702 sectabantur,
1300 2628 1331 2684 ct

84 2707 245 2769 immodici
268 2709 421 2771 ritualium
445 2710 647 2772 veneratione
670 2710 749 2790 cepti
773 2709 966 2771 tenebantur.

171 2793 322 2877 Ignoratis
353 2794 400 2857 his
432 2795 560 2876 aliisque
586 2813 691 2858 eornm
715 2795 885 2871 sententiis,
910 2801 1045 2856 autnon
1074 2795 1165 2874 plene
1190 2813 1230 2857 ac
1253 2812 1328 2878 por-

84 2879 191 2959 spicue
226 2880 359 2962 cognitis
392 2881 543 2963 interpres
577 2881 613 2945 N.
637 2882 669 2944 Τ.
694 2882 803 2943 dubius
826 2881 976 2958 haerebit,
1001 2882 1253 2962 quotiescunque
1277 2899 1327 2943 er-

82 2982 171 3028 rores
194 2966 244 3029 isti
266 2968 482 3048 respiciuntur.
530 2967 649 3048 Optime
673 2975 774 3030 autern
797 2969 874 3029 haec
899 2969 998 3029 omnia
1021 2985 1040 3028 e
1063 2967 1188 3047 scriptis
1210 2985 1328 3050 eogno-

83 3060 226 3132 scuntur,
261 3072 340 3134 quac
375 3054 413 3115 ab
447 3054 614 3117 haereticis
644 3055 691 3116 his
721 3055 797 3135 ipsis
826 3053 966 3134 proiecta
999 3060 1087 3115 sunt:
1112 3055 1173 3115 etsi
1197 3053 1329 3116 enimin

81 3138 201 3201 Patrum
234 3158 358 3220 quoque
392 3140 476 3202 libris
507 3141 655 3223 ploraque
685 3140 791 3203 herum
823 3146 977 3201 sectarum
1001 3139 1112 3220 placita
1137 3158 1330 3202 commemo-

81 3232 197 3303 rantur,
219 3225 270 3288 illa
293 3232 394 3288 tamen
418 3245 513 3307 opera
537 3245 595 3288 ceu
618 3225 688 3288 lons
713 3227 814 3306 potior
836 3225 1039 3306 pracferenda
1067 3232 1148 3300 sunt,
1174 3233 1238 3288 tum
1262 3226 1328 3307 quia

81 3328 171 3374 nemo
205 3329 266 3373 non
300 3313 348 3375 sni
379 3312 475 3394 ipsius
508 3315 640 3393 optimus
672 3319 721 3374 cst
742 3313 906 3392 interpres,
930 3317 992 3373 tum
1017 3311 1088 3392 quin
1111 3312 1220 3375 Patres
1245 3330 1327 3374 ncn-

81 3414 237 3477 nunquam
266 3417 322 3478 pro
357 3399 591 3475 vehementiori,
628 3416 689 3478 qno
713 3399 746 3460 in
767 3397 977 3460 heterodoxos
1001 3397 1191 3468 ferebantur,
1216 3400 1330 3481 impetu

82 3500 189 3544 corum
212 3485 380 3547 sententias
401 3486 488 3566 Justo
511 3485 654 3547 acerbius
677 3485 853 3547 delineassc
876 3484 975 3546 videri
998 3491 1137 3564 possent.
1169 3485 1326 3558 Quaenam

81 3569 205 3716 harqtmd
220 3577 375 3633 sectarum
408 3572 634 3635 haereticarum
664 3571 778 3653 scripta
801 3571 840 3633 nd
863 3589 920 3634 nos
943 3571 1161 3653 pervenerint,
1194 3572 1323 3634 historia

82 3672 158 3717 ccc.
208 3655 328 3729 ocati).

84 3821 389 3838 m*

118 3921 207 3989 ⁴')hd
233 3921 319 3973 lontcs
347 3921 501 3974 christianos
523 3925 615 3975 reierri
642 3926 719 3976 etiarn
743 3923 830 3976 solent
858 3923 1007 3991 apocrypha
1035 3924 1064 3976 Ν.
1084 3923 1120 3986 Τ.,
1145 3924 1161 3973 i.
1181 3938 1205 3974 e.
1224 3926 1331 3991 scriptu,

164 4006 232 4058 quac
251 3991 294 4043 vel
313 3990 412 4059 absquo
440 3995 624 4059 suppositionis
653 3994 763 4045 consilio
783 4002 886 4044 exarata
905 3992 1038 4060 Apostolis
1057 3994 1181 4044 nutriris
1200 3992 1331 4059 apostoli-

164 4061 201 4110 cis
221 4059 253 4110 ab
273 4060 328 4111 aliis
356 4076 493 4127 perperam
521 4061 751 4126 adscribebantur,
777 4062 820 4114 vel
839 4079 897 4113 curn
922 4065 1108 4129 srrqipositionis
1128 4061 1242 4112 consilio
1263 4079 1331 4113 con-

157 4127 227 4179 iecta
245 4131 330 4195 primis
350 4145 409 4180 mox
428 4129 538 4181 saeculis
557 4129 679 4182 librorum
698 4148 830 4183 sacrorum
855 4131 1061 4197 praetendebant
1079 4133 1274 4195 auctoritatem,
1298 4131 1332 4182 ab

160 4197 275 4248 ecclesia
303 4199 434 4250 tamenin
453 4197 586 4250 Cononem
604 4216 657 4251 non
682 4209 742 4252 sunt
764 4210 879 4267 recepte.
899 4230 932 4239 -
950 4199 998 4251 Ast
1015 4203 1038 4251 si
1056 4200 1089 4251 de
1109 4199 1161 4251 lide
1180 4203 1329 4267 quaeritur,

99 4308 102 4315 .
160 4283 212 4333 qun
229 4266 370 4334 gaudeant,
390 4267 456 4319 haec
480 4283 534 4319 non
551 4276 638 4334 potest
655 4284 707 4319 non
727 4285 786 4320 cese
805 4278 937 4336 suspecta,
962 4271 1024 4336 quia
1044 4278 1117 4321 aetas
1144 4268 1332 4336 plerorumque

160 4333 211 4384 huc
230 4351 312 4417 nsqqe
331 4352 383 4387 non
403 4345 443 4388 est
461 4337 639 4400 determinata,
659 4337 728 4389 unde
747 4338 888 4404 pericnlum
908 4341 998 4402 oritur,
1019 4354 1053 4389 ne
1074 4353 1166 4390 eorum
1184 4354 1235 4389 usin
1254 4340 1333 4389 aetati

158 4405 295 4470 antiquiori
313 4408 473 4458 recentiores
491 4406 634 4459 tribuantur
653 4409 807 4471 sententiae,
823 4410 965 4474 praecipue
985 4424 1051 4459 vero
1071 4407 1143 4475 qnod
1162 4406 1269 4458 lictione
1290 4409 1333 4457 ni-

158 4480 259 4540 tuntur,
287 4489 353 4543 quae
381 4475 541 4544 singulorum
565 4485 662 4531 mutum
687 4485 831 4531 commento
859 4477 1027 4531 exhibet-
1048 4476 1121 4530 idem
1140 4484 1168 4528 et
1185 4492 1219 4529 ex
1236 4476 1331 4531 isdem
