2834 4896
65 562 109 625 De
136 563 282 642 fontibus
304 558 336 624 et
356 560 507 623 subsidiis
540 580 631 623 uelem
666 516 812 641 lbqucndi
834 580 859 622 s.
883 560 1067 643 scripturae
1089 568 1308 644 capnoscendi,

107 659 268 731 eumenus
300 657 349 711 est
369 648 537 710 hebraicus
570 656 626 709 aut
660 647 863 724 chaldaicus,
888 656 919 710 et
949 651 982 709 in
1017 646 1109 711 tibris
1141 655 1265 732 pramis

561 734 750 795 hebroinum
770 732 819 809 *).

637 927 667 995 ς.
690 921 741 982 46.

578 1057 597 1109 Ι.
622 1056 801 1111 beientibus.
896 1043 898 1046 ’

152 1198 227 1264 Etsi
259 1198 317 1263 hoc
350 1192 497 1281 respectu
528 1219 593 1264 non
624 1201 820 1264 immediatos
851 1192 999 1264 babemus
1031 1200 1152 1281 fontes,
1184 1207 1311 1269 mediati

68 1296 174 1353 tamen
204 1288 249 1351 ad
277 1306 336 1349 noe
365 1296 601 1369 peruenerunt,·
634 1307 707 1350 nam
736 1288 853 1350 ludaei
887 1288 1038 1351 eruditi
1026 1307 1059 1350 sn
1088 1291 1208 1354 scholis
1240 1296 1311 1354 suia

67 1374 279 1454 counitionene
301 1374 466 1453 quamdam
488 1374 612 1453 linpuae
634 1373 800 1436 hebraicae
823 1393 946 1454 semper
966 1387 1202 1440 conservarunt.
1225 1378 1309 1441 Tro·

72 1462 186 1522 ditio
169 1479 237 1538 pam
266 1478 341 1527 aero
372 1460 432 1521 illa
464 1468 653 1523 conservata
675 1463 777 1523 estin
799 1460 999 1523 versionibus
1024 1460 1055 1521 V.
1079 1462 1124 1537 T,
1147 1465 1180 1525 in
1202 1467 1309 1545 scrip·

73 1544 194 1609 aribus
214 1546 366 1627 antiquis,
387 1548 472 1608 etin
493 1548 725 1609 comneentoriis
747 1566 796 1621 aa,
808 1548 921 1609 lexicis
944 1547 1154 1610 rabbinorum.

199 1631 247 1695 De
271 1634 440 1695 traditione
463 1633 568 1713 quoad
588 1651 681 1694 usum
704 1633 851 1713 loquendi
872 1633 1053 1697 hebraicum
1074 1639 1264 1701 conserente

634 1825 666 1893 ς.
698 1816 751 1881 47.

493 1956 527 2008 Α.
545 1954 573 2008 ln
592 1954 754 2007 versionibus
773 1958 891 2024 antiquis.

156 2100 229 2164 lina
248 2102 442 2182 praeprimis
461 2102 621 2180 pertinent
1378 2156 1385 2167 ,

163 2190 192 2250 ι.
221 2187 332 2251 Vareia
353 2189 569 2266 Septuapinta.
613 2186 756 2265 Tempus,
780 2202 842 2266 quo
864 2189 970 2248 oersio
992 2187 1069 2248 haec
1090 2187 1234 2267 confecta
1256 2197 1313 2264 est,

71 2277 171 2338 aetati
203 2276 295 2336 cicae
329 2274 433 2336 adbuc
467 2275 592 2352 linpuae
626 2272 792 2334 hebraicae
812 2276 992 2352 propinqua
1013 2283 1098 2349 mat,
1128 2276 1207 2351 imo,
1231 2278 1314 2354 quod

69 2361 275 2442 pentateuchi
307 2361 546 2424 nuntiationem
578 2361 699 2433 attinet,
723 2359 766 2419 ad
794 2358 875 2420 illud
898 2362 1059 2438 participii,
1082 2362 1128 2421 ita
1149 2371 1184 2422 nt
1204 2365 1314 2423 merito

71 2465 251 2528 supponere
276 2447 380 2522 liceat,
402 2445 587 2508 auctoribus
616 2463 708 2505 usam
732 2445 877 2523 loquendi
905 2444 1086 2506 hebraicum
1107 2464 1124 2506 e
1147 2446 1314 2508 nodiuone

69 2532 225 2613 populari
246 2535 330 2609 oica,
349 2541 380 2594 et
399 2551 464 2593 non
485 2532 587 2592 solum
604 2549 619 2591 e
636 2531 756 2591 scholis
779 2538 809 2591 et
830 2530 981 2591 librorum
1003 2530 1187 2593 biblicmum
1209 2533 1314 2593 studio

70 2619 175 2698 fuisse
199 2621 367 2698 connitum,
392 2617 474 2697 quad
496 2617 569 2679 inde
592 2614 796 2693 continuatur,
819 2617 889 2696 quia
902 2616 945 2678 70
955 2618 1140 2698 interpretes
1163 2618 1313 2680 vocabulo

74 2704 222 2768 hebraico
245 2722 340 2785 saepe
362 2705 497 2766 tribuunt
520 2702 784 2784 significationem,
808 2720 887 2783 quae
910 2702 1011 2764 eidem
1034 2704 1064 2764 in
1094 2704 1194 2766 bibliis
1217 2705 1314 2766 sacris

73 2808 132 2854 non
157 2792 312 2868 convenit,
346 2806 427 2871 quae
449 2795 551 2852 autem
573 2788 603 2849 in
626 2787 765 2850 dialectis
796 2790 936 2870 cogneis
970 2790 1139 2865 invenitur3
1163 2808 1232 2852 curn
1250 2791 1314 2870 jam

73 2877 205 2960 supponi
235 2883 387 2958 nequeat,
418 2876 489 2938 illus
522 2875 601 2937 hane
624 2875 831 2956 cognitionem
854 2893 872 2936 e
895 2874 1035 2937 dialectis
1058 2876 1208 2958 cognatis,
1230 2877 1315 2937 etin

75 2965 182 3045 specie
205 2978 246 3024 ex
268 2963 371 3046 lingua
399 2962 522 3024 arabica
542 2960 699 3023 hausisse:
735 2978 802 3021 eam
826 2979 843 3021 e
868 2960 1031 3023 traditione
1059 2978 1200 3023 manasse
1221 2968 1315 3042 patet.

77 3112 87 3119 ,
158 3050 191 3112 2.
215 3048 360 3129 Aquilae,
391 3048 576 3130 Symrnacbi,
605 3047 831 3108 Theodotionis
860 3056 890 3108 et
919 3048 1059 3126 reliquae
1091 3048 1317 3109 nanslationes

75 3135 284 3217 templares,
317 3152 394 3216 quae
426 3144 530 3196 tamen
561 3136 706 3196 versione
727 3132 931 3213 Septuoointo
966 3133 1137 3212 inferiores
1158 3142 1233 3194 sunt
1253 3150 1317 3195 nan

76 3227 192 3285 autum
216 3222 255 3283 ab
278 3221 429 3303 originem
451 3220 667 3296 recentiorem,
690 3224 723 3280 et
745 3219 887 3301 quoniam
909 3237 971 3281 non
994 3225 1125 3296 exstant,
1148 3219 1205 3280 nisi
1229 3216 1317 3301 frag·

76 3314 198 3382 nenta3
223 3307 280 3370 sed
311 3309 402 3370 etiam
433 3308 503 3387 quia
533 3304 683 3387 suspicari
713 3303 803 3382 licet,
827 3311 971 3369 auctores
993 3322 1096 3366 earum
1120 3305 1159 3366 ab
1182 3306 1318 3367 rationes

67 3394 246 3475 ¹polemicas
276 3411 365 3455 usum
398 3393 544 3471 loquendi
567 3390 696 3454 subinde
732 3391 927 3473 neglexisse,
959 3398 1011 3453 ιιιι
1041 3396 1204 3452 contextus
1234 3393 1320 3472 justa

77 3480 226 3562 naj0rem
261 3481 411 3541 rationem
444 3479 599 3543 habuisse.
643 3476 753 3560 Aquila
782 3482 884 3539 tamen
907 3478 1003 3560 magis
1026 3476 1133 3538 literae
1157 3477 1247 3539 anxie
1271 3479 1322 3540 in·

76 3563 189 3632 haesit,
214 3582 305 3646 quum
327 3574 453 3627 sensum
476 3564 638 3647 expressit

162 3650 195 3713 3.
218 3651 438 3732 Parapbrases
460 3653 658 3726 chaldaicae,
680 3667 760 3731 quae
783 3666 804 3710 a
825 3646 959 3725 Judaeis
979 3648 1272 3735 palaestinensibns
1294 3659 1325 3712 et

78 3734 277 3819 babylonicis
299 3736 460 3817 confectae
475 3738 623 3800 cohibent
638 3696 879 3815 eaplicationcm
901 3743 1005 3797 tectus
1021 3735 1129 3798 biblici
1142 3755 1203 3816 per
1218 3737 1321 3797 tradi-

78 3825 197 3885 tionem
218 3823 399 3886 nebularum
419 3832 637 3903 propapatam,
651 3822 701 3883 cui
722 3820 823 3883 serius
837 3826 869 3880 et
889 3826 1089 3900 punctatares
1112 3827 1145 3883 et
1165 3838 1320 3904 grumum

78 3908 129 3971 tici
148 3908 268 3991 judaici
289 3908 503 3972 innitebantur
533 3909 696 3971 Praeterea
720 3905 893 3989 Targunuim
917 3905 1167 3969 commendantur
1187 3905 1319 3968 dialecto

79 3992 133 4058 eua'
152 3994 193 4057 ad
216 3982 391 4059 hebraicam
412 3995 546 4078 linguam
563 3995 702 4076 proxime
725 3991 905 4071 accedente,
918 4012 998 4076 quae
1021 3993 1195 4055 auctoribus
1212 4009 1319 4053 eorum

78 4070 245 4145 uernacula
280 4089 365 4159 erat,
388 4082 428 4144 ιιι
452 4088 485 4144 ut
507 4081 553 4144 eis
576 4080 667 4143 multe
691 4079 730 4141 de
752 4097 811 4142 usu
843 4078 989 4159 loquendi
1022 4079 1165 4141 hebraica
1196 4079 1320 4159 cognita

79 4184 152 4229 asse
176 4167 337 4230 deberent.
380 4167 441 4233 Sed
464 4167 537 4230 licet
558 4166 640 4230 haud
660 4184 757 4248 pauca
779 4183 853 4227 vera
875 4165 1061 4242 contineant,
1084 4179 1195 4226 sensus
1217 4170 1320 4227 tamen

117 4380 157 4447 ⁴)
169 4379 222 4433 Gir
245 4380 304 4435 Van
328 4384 380 4436 den
404 4383 515 4447 Quellau
540 4381 588 4434 dar
613 4381 784 4433 habitisehen
808 4340 1024 4446 Wartierschung
1050 4377 1216 4444 praefationis
1243 4380 1323 4429 instar

167 4454 302 4518 praemiss
320 4454 413 4508 ιιιιιιο
436 4446 544 4504 edition
568 4448 697 4503 hebraici
701 4460 729 4502 et
746 4450 872 4502 chaldaici
890 4448 966 4499 larici
983 4445 1107 4498 manualis
1126 4445 1191 4497 (lull.
1210 4444 1320 4498 Gasani

166 4519 235 4587 hips.
256 4522 331 4573 1828

1112 4558 1164 4646 δι
