<?xml version="1.0" encoding="UTF-8"?>
<!DOCTYPE html PUBLIC "-//W3C//DTD XHTML 1.0 Transitional//EN"
    "http://www.w3.org/TR/xhtml1/DTD/xhtml1-transitional.dtd">
<html xmlns="http://www.w3.org/1999/xhtml" xml:lang="en" lang="en">
 <head>
  <title>
</title>
<meta http-equiv="Content-Type" content="text/html;charset=utf-8" />
  <meta name='ocr-system' content='tesseract 3.04.00' />
  <meta name='ocr-capabilities' content='ocr_page ocr_carea ocr_par ocr_line ocrx_word'/>
</head>
<body>
  <div class='ocr_page' id='page_1' title='image "./hermeneuticabib00gngoog_0197.png"; bbox 0 0 2834 4896; ppageno 0'>
   <div class='ocr_carea' id='block_1_1' title="bbox 487 714 912 977">
    <p class='ocr_par' dir='ltr' id='par_1_1' title="bbox 479 714 912 977">
     <span class='ocr_line' id='line_1_1' title="bbox 487 714 912 977; baseline -0.005 -58.037"><span class='ocrx_word' id='word_1_1' title='bbox 487 714 771 977; x_wconf 72' lang='lat' dir='ltr'><strong><em>⁸Pars</em></strong></span> <span class='ocrx_word' id='word_1_2' title='bbox 798 802 912 918; x_wconf 84' lang='grc' dir='ltr'><strong><em>Π.</em></strong></span> 
     </span>
    </p>
   </div>
   <div class='ocr_carea' id='block_1_2' title="bbox 339 990 1037 1108">
    <p class='ocr_par' dir='ltr' id='par_1_2' title="bbox 339 990 1037 1108">
     <span class='ocr_line' id='line_1_2' title="bbox 339 990 1037 1108; baseline -0.001 -27"><span class='ocrx_word' id='word_1_3' title='bbox 339 1003 424 1082; x_wconf 77' lang='lat' dir='ltr'><strong><em>iic</em></strong></span> <span class='ocrx_word' id='word_1_4' title='bbox 456 1024 591 1084; x_wconf 84' lang='lat' dir='ltr'><strong><em>sensus</em></strong></span> <span class='ocrx_word' id='word_1_5' title='bbox 629 990 782 1085; x_wconf 36' lang='lat' dir='ltr'><strong><em>inventi*</em></strong></span> <span class='ocrx_word' id='word_1_6' title='bbox 798 1006 1037 1108; x_wconf 77' lang='lat' dir='ltr'><strong>expositione.</strong></span> 
     </span>
    </p>
   </div>
   <div class='ocr_carea' id='block_1_3' title="bbox 543 1214 853 1243">
    <p class='ocr_par' dir='ltr' id='par_1_3' title="bbox 543 1214 853 1243">
     <span class='ocr_line' id='line_1_3' title="bbox 543 1214 853 1243; baseline -0.003 -2"><span class='ocrx_word' id='word_1_7' title='bbox 543 1214 853 1243; x_wconf 61' lang='lat' dir='ltr'><strong><em>--—-----i-ae÷-</em></strong></span> 
     </span>
    </p>
   </div>
   <div class='ocr_carea' id='block_1_4' title="bbox 649 1452 758 1529">
    <p class='ocr_par' dir='ltr' id='par_1_4' title="bbox 649 1452 758 1529">
     <span class='ocr_line' id='line_1_4' title="bbox 649 1452 758 1529; baseline -0.037 -12"><span class='ocrx_word' id='word_1_8' title='bbox 649 1459 680 1529; x_wconf 59' lang='grc' dir='ltr'>ι</span> <span class='ocrx_word' id='word_1_9' title='bbox 703 1452 758 1518; x_wconf 89' lang='grc'><strong>96..</strong></span> 
     </span>
    </p>
   </div>
   <div class='ocr_carea' id='block_1_5' title="bbox 4 1572 1000 1681">
    <p class='ocr_par' dir='ltr' id='par_1_5' title="bbox 4 1572 1000 1681">
     <span class='ocr_line' id='line_1_5' title="bbox 4 1572 1000 1681; baseline -0.024 -21"><span class='ocrx_word' id='word_1_10' title='bbox 4 1596 20 1681; x_wconf 41' lang='lat'><strong><em>¹·</em></strong></span> <span class='ocrx_word' id='word_1_11' title='bbox 89 1572 92 1577; x_wconf 19' lang='grc' dir='ltr'><strong><em>Δ</em></strong></span> <span class='ocrx_word' id='word_1_12' title='bbox 197 1588 200 1593; x_wconf 66' lang='grc'>’</span> <span class='ocrx_word' id='word_1_13' title='bbox 281 1639 284 1645; x_wconf 96' lang='grc'><strong><em>.</em></strong></span> <span class='ocrx_word' id='word_1_14' title='bbox 399 1587 495 1641; x_wconf 80' lang='lat' dir='ltr'><strong><em>Normo</em></strong></span> <span class='ocrx_word' id='word_1_15' title='bbox 512 1590 538 1641; x_wconf 89' lang='lat' dir='ltr'><strong><em>in</em></strong></span> <span class='ocrx_word' id='word_1_16' title='bbox 553 1604 635 1642; x_wconf 80' lang='lat' dir='ltr'><strong><em>sensu</em></strong></span> <span class='ocrx_word' id='word_1_17' title='bbox 654 1589 809 1677; x_wconf 71' lang='lat' dir='ltr'><strong><em>exponendo</em></strong></span> <span class='ocrx_word' id='word_1_18' title='bbox 829 1584 1000 1643; x_wconf 74' lang='lat' dir='ltr'><strong><em>observante.</em></strong></span> 
     </span>
    </p>
   </div>
   <div class='ocr_carea' id='block_1_6' title="bbox 78 1722 1322 2367">
    <p class='ocr_par' dir='ltr' id='par_1_6' title="bbox 78 1722 1322 2367">
     <span class='ocr_line' id='line_1_6' title="bbox 90 1722 1320 1854; baseline -0.006 -17"><span class='ocrx_word' id='word_1_19' title='bbox 90 1787 95 1794; x_wconf 83' lang='grc'><strong><em>’</em></strong></span> <span class='ocrx_word' id='word_1_20' title='bbox 167 1722 291 1836; x_wconf 69' lang='lat' dir='ltr'><strong><em>Etiam</em></strong></span> <span class='ocrx_word' id='word_1_21' title='bbox 313 1773 416 1836; x_wconf 86' lang='lat' dir='ltr'><strong><em>altera</em></strong></span> <span class='ocrx_word' id='word_1_22' title='bbox 438 1775 707 1854; x_wconf 74' lang='lat' dir='ltr'><strong><em>mntpretatienis</em></strong></span> <span class='ocrx_word' id='word_1_23' title='bbox 728 1774 856 1852; x_wconf 74' lang='lat' dir='ltr'><strong><em>functio,</em></strong></span> <span class='ocrx_word' id='word_1_24' title='bbox 885 1773 1030 1834; x_wconf 75' lang='lat' dir='ltr'><strong><em>uisurum</em></strong></span> <span class='ocrx_word' id='word_1_25' title='bbox 1052 1786 1170 1833; x_wconf 75' lang='lat' dir='ltr'><strong><em>smnus</em></strong></span> <span class='ocrx_word' id='word_1_26' title='bbox 1194 1769 1320 1850; x_wconf 83' lang='lat' dir='ltr'><strong><em>sapasi-</em></strong></span> 
     </span>
     <span class='ocr_line' id='line_1_7' title="bbox 81 1856 1322 1939; baseline -0.006 -19"><span class='ocrx_word' id='word_1_27' title='bbox 81 1860 135 1936; x_wconf 88' lang='lat' dir='ltr'><strong><em>tio,</em></strong></span> <span class='ocrx_word' id='word_1_28' title='bbox 163 1859 285 1938; x_wconf 86' lang='lat' dir='ltr'><strong><em>justam</em></strong></span> <span class='ocrx_word' id='word_1_29' title='bbox 318 1868 496 1939; x_wconf 77' lang='lat' dir='ltr'><strong><em>certamque</em></strong></span> <span class='ocrx_word' id='word_1_30' title='bbox 519 1860 634 1922; x_wconf 82' lang='lat' dir='ltr'><strong><em>itabere</em></strong></span> <span class='ocrx_word' id='word_1_31' title='bbox 658 1859 747 1922; x_wconf 88' lang='lat' dir='ltr'><strong><em>debet</em></strong></span> <span class='ocrx_word' id='word_1_32' title='bbox 767 1877 919 1935; x_wconf 88' lang='lat' dir='ltr'><strong><em>normam,</em></strong></span> <span class='ocrx_word' id='word_1_33' title='bbox 949 1857 1107 1936; x_wconf 90' lang='lat' dir='ltr'><strong><em>adquam</em></strong></span> <span class='ocrx_word' id='word_1_34' title='bbox 1139 1856 1322 1918; x_wconf 82' lang='lat' dir='ltr'><strong><em>instituatur</em></strong></span> 
     </span>
     <span class='ocr_line' id='line_1_8' title="bbox 80 1942 1320 2025; baseline -0.005 -19"><span class='ocrx_word' id='word_1_35' title='bbox 80 1952 172 2023; x_wconf 88' lang='lat' dir='ltr'><strong><em>atque</em></strong></span> <span class='ocrx_word' id='word_1_36' title='bbox 194 1946 387 2020; x_wconf 73' lang='lat' dir='ltr'><strong><em>aestimetur,</em></strong></span> <span class='ocrx_word' id='word_1_37' title='bbox 410 1945 585 2025; x_wconf 91' lang='lat' dir='ltr'><strong><em>etquidem</em></strong></span> <span class='ocrx_word' id='word_1_38' title='bbox 608 1946 710 2022; x_wconf 90' lang='lat' dir='ltr'><strong><em>talem,</em></strong></span> <span class='ocrx_word' id='word_1_39' title='bbox 733 1964 812 2024; x_wconf 90' lang='lat' dir='ltr'><strong><em>quac</em></strong></span> <span class='ocrx_word' id='word_1_40' title='bbox 835 1964 875 2006; x_wconf 82' lang='lat' dir='ltr'><strong><em>ea</em></strong></span> <span class='ocrx_word' id='word_1_41' title='bbox 896 1962 1041 2022; x_wconf 87' lang='lat' dir='ltr'><strong><em>supremo</em></strong></span> <span class='ocrx_word' id='word_1_42' title='bbox 1073 1942 1320 2002; x_wconf 77' lang='lat' dir='ltr'><strong><em>hermencuticoe</em></strong></span> 
     </span>
     <span class='ocr_line' id='line_1_9' title="bbox 78 2028 1320 2111; baseline -0.004 -20"><span class='ocrx_word' id='word_1_43' title='bbox 78 2031 237 2110; x_wconf 88' lang='lat' dir='ltr'><strong><em>principio</em></strong></span> <span class='ocrx_word' id='word_1_44' title='bbox 270 2041 381 2111; x_wconf 87' lang='lat' dir='ltr'><strong><em>sponte</em></strong></span> <span class='ocrx_word' id='word_1_45' title='bbox 408 2031 503 2109; x_wconf 75' lang='lat' dir='ltr'><strong><em>fluat,</em></strong></span> <span class='ocrx_word' id='word_1_46' title='bbox 527 2042 557 2093; x_wconf 90' lang='lat' dir='ltr'><strong><em>et</em></strong></span> <span class='ocrx_word' id='word_1_47' title='bbox 577 2034 610 2092; x_wconf 89' lang='lat' dir='ltr'><strong><em>iu</em></strong></span> <span class='ocrx_word' id='word_1_48' title='bbox 633 2050 669 2092; x_wconf 89' lang='lat' dir='ltr'><strong><em>ec</em></strong></span> <span class='ocrx_word' id='word_1_49' title='bbox 703 2033 858 2093; x_wconf 89' lang='lat' dir='ltr'><strong><em>rationem</em></strong></span> <span class='ocrx_word' id='word_1_50' title='bbox 888 2048 978 2091; x_wconf 91' lang='lat' dir='ltr'><strong><em>suam</em></strong></span> <span class='ocrx_word' id='word_1_51' title='bbox 1011 2029 1153 2090; x_wconf 78' lang='lat' dir='ltr'><strong><em>ultimam</em></strong></span> <span class='ocrx_word' id='word_1_52' title='bbox 1175 2028 1320 2095; x_wconf 82' lang='lat' dir='ltr'><strong><em>inueniat,</em></strong></span> 
     </span>
     <span class='ocr_line' id='line_1_10' title="bbox 81 2113 1321 2197; baseline -0.003 -21"><span class='ocrx_word' id='word_1_53' title='bbox 81 2117 155 2196; x_wconf 92' lang='lat' dir='ltr'><strong><em>quia</em></strong></span> <span class='ocrx_word' id='word_1_54' title='bbox 177 2134 270 2177; x_wconf 89' lang='lat' dir='ltr'><strong><em>secus</em></strong></span> <span class='ocrx_word' id='word_1_55' title='bbox 292 2117 416 2178; x_wconf 77' lang='lat' dir='ltr'><strong><em>deesset</em></strong></span> <span class='ocrx_word' id='word_1_56' title='bbox 436 2118 615 2196; x_wconf 80' lang='lat' dir='ltr'><strong><em>reputarem</em></strong></span> <span class='ocrx_word' id='word_1_57' title='bbox 637 2126 783 2197; x_wconf 82' lang='lat' dir='ltr'><strong><em>sqstemc.</em></strong></span> <span class='ocrx_word' id='word_1_58' title='bbox 814 2113 890 2177; x_wconf 83' lang='lat' dir='ltr'><strong><em>Cum</em></strong></span> <span class='ocrx_word' id='word_1_59' title='bbox 906 2116 977 2193; x_wconf 76' lang='lat' dir='ltr'><strong><em>J‘am</em></strong></span> <span class='ocrx_word' id='word_1_60' title='bbox 999 2131 1179 2194; x_wconf 89' lang='lat' dir='ltr'><strong><em>supremum</em></strong></span> <span class='ocrx_word' id='word_1_61' title='bbox 1202 2114 1321 2173; x_wconf 76' lang='lat' dir='ltr'><strong><em>tierme-</em></strong></span> 
     </span>
     <span class='ocr_line' id='line_1_11' title="bbox 80 2198 1321 2284; baseline -0.002 -24"><span class='ocrx_word' id='word_1_62' title='bbox 80 2201 223 2262; x_wconf 89' lang='lat' dir='ltr'><strong><em>neuticae</em></strong></span> <span class='ocrx_word' id='word_1_63' title='bbox 249 2202 442 2283; x_wconf 88' lang='lat' dir='ltr'><strong><em>principium</em></strong></span> <span class='ocrx_word' id='word_1_64' title='bbox 472 2205 672 2284; x_wconf 86' lang='lat' dir='ltr'><strong><em>interpretem</em></strong></span> <span class='ocrx_word' id='word_1_65' title='bbox 703 2220 830 2264; x_wconf 88' lang='lat' dir='ltr'><strong><em>sensum</em></strong></span> <span class='ocrx_word' id='word_1_66' title='bbox 860 2202 1014 2281; x_wconf 76' lang='lat' dir='ltr'><strong><em>loquentia</em></strong></span> <span class='ocrx_word' id='word_1_67' title='bbox 1045 2199 1187 2280; x_wconf 86' lang='lat' dir='ltr'><strong><em>pandere</em></strong></span> <span class='ocrx_word' id='word_1_68' title='bbox 1204 2198 1321 2279; x_wconf 84' lang='lat' dir='ltr'><strong><em>jubeat,</em></strong></span> 
     </span>
     <span class='ocr_line' id='line_1_12' title="bbox 79 2288 240 2367; baseline -0.012 -19"><span class='ocrx_word' id='word_1_69' title='bbox 79 2288 240 2367; x_wconf 84' lang='lat' dir='ltr'><strong><em>sequitur:</em></strong></span> 
     </span>
    </p>
   </div>
   <div class='ocr_carea' id='block_1_7' title="bbox 11 2386 1322 2794">
    <p class='ocr_par' dir='ltr' id='par_1_7' title="bbox 11 2386 1322 2727">
     <span class='ocr_line' id='line_1_13' title="bbox 168 2386 1322 2472; baseline -0.003 -20"><span class='ocrx_word' id='word_1_70' title='bbox 168 2390 197 2452; x_wconf 85' lang='lat' dir='ltr'><strong><em>t.</em></strong></span> <span class='ocrx_word' id='word_1_71' title='bbox 220 2388 423 2470; x_wconf 69' lang='lat' dir='ltr'><strong><em>interpretem</em></strong></span> <span class='ocrx_word' id='word_1_72' title='bbox 445 2393 478 2452; x_wconf 92' lang='lat' dir='ltr'><strong><em>in</em></strong></span> <span class='ocrx_word' id='word_1_73' title='bbox 501 2391 683 2472; x_wconf 72' lang='lat' dir='ltr'><strong><em>seponenda</em></strong></span> <span class='ocrx_word' id='word_1_74' title='bbox 717 2409 814 2453; x_wconf 89' lang='lat' dir='ltr'><strong><em>sensu</em></strong></span> <span class='ocrx_word' id='word_1_75' title='bbox 845 2391 890 2452; x_wconf 86' lang='lat' dir='ltr'><strong><em>itu</em></strong></span> <span class='ocrx_word' id='word_1_76' title='bbox 911 2390 1036 2450; x_wconf 88' lang='lat' dir='ltr'><strong><em>oersari</em></strong></span> <span class='ocrx_word' id='word_1_77' title='bbox 1058 2386 1180 2464; x_wconf 87' lang='lat' dir='ltr'><strong><em>debere,</em></strong></span> <span class='ocrx_word' id='word_1_78' title='bbox 1205 2394 1242 2449; x_wconf 87' lang='lat' dir='ltr'><strong><em>ut</em></strong></span> <span class='ocrx_word' id='word_1_79' title='bbox 1262 2405 1322 2448; x_wconf 89' lang='lat' dir='ltr'><strong><em>non</em></strong></span> 
     </span>
     <span class='ocr_line' id='line_1_14' title="bbox 79 2473 1321 2556; baseline -0.002 -19"><span class='ocrx_word' id='word_1_80' title='bbox 79 2491 157 2551; x_wconf 78' lang='lat' dir='ltr'><strong><em>sua,</em></strong></span> <span class='ocrx_word' id='word_1_81' title='bbox 179 2476 237 2536; x_wconf 93' lang='lat' dir='ltr'><strong><em>sed</em></strong></span> <span class='ocrx_word' id='word_1_82' title='bbox 269 2477 426 2555; x_wconf 90' lang='lat' dir='ltr'><strong><em>loquentis</em></strong></span> <span class='ocrx_word' id='word_1_83' title='bbox 459 2479 596 2556; x_wconf 84' lang='lat' dir='ltr'><strong><em>capitata</em></strong></span> <span class='ocrx_word' id='word_1_84' title='bbox 626 2484 657 2538; x_wconf 92' lang='lat' dir='ltr'><strong><em>et</em></strong></span> <span class='ocrx_word' id='word_1_85' title='bbox 677 2495 790 2553; x_wconf 88' lang='lat' dir='ltr'><strong><em>sensa,</em></strong></span> <span class='ocrx_word' id='word_1_86' title='bbox 820 2493 917 2556; x_wconf 90' lang='lat' dir='ltr'><strong><em>eaque</em></strong></span> <span class='ocrx_word' id='word_1_87' title='bbox 946 2493 1010 2536; x_wconf 91' lang='lat' dir='ltr'><strong><em>non</em></strong></span> <span class='ocrx_word' id='word_1_88' title='bbox 1029 2500 1033 2507; x_wconf 64' lang='lat'><strong><em>¹</em></strong></span> <span class='ocrx_word' id='word_1_89' title='bbox 1040 2473 1237 2555; x_wconf 74' lang='lat' dir='ltr'><strong><em>perfectiora</em></strong></span> <span class='ocrx_word' id='word_1_90' title='bbox 1267 2491 1321 2534; x_wconf 88' lang='lat' dir='ltr'><strong><em>nec</em></strong></span> 
     </span>
     <span class='ocr_line' id='line_1_15' title="bbox 80 2555 1321 2642; baseline -0.002 -20"><span class='ocrx_word' id='word_1_91' title='bbox 80 2562 233 2635; x_wconf 80' lang='lat' dir='ltr'><strong><em>tenuiora,</em></strong></span> <span class='ocrx_word' id='word_1_92' title='bbox 256 2580 320 2621; x_wconf 89' lang='lat' dir='ltr'><strong><em>nou</em></strong></span> <span class='ocrx_word' id='word_1_93' title='bbox 339 2562 445 2641; x_wconf 83' lang='lat' dir='ltr'><strong><em>ptura,</em></strong></span> <span class='ocrx_word' id='word_1_94' title='bbox 469 2581 567 2642; x_wconf 91' lang='lat' dir='ltr'><strong><em>neque</em></strong></span> <span class='ocrx_word' id='word_1_95' title='bbox 587 2564 745 2642; x_wconf 83' lang='lat' dir='ltr'><strong><em>pauciora</em></strong></span> <span class='ocrx_word' id='word_1_96' title='bbox 763 2568 932 2642; x_wconf 83' lang='lat' dir='ltr'><strong><em>proponat,</em></strong></span> <span class='ocrx_word' id='word_1_97' title='bbox 948 2578 1040 2640; x_wconf 89' lang='lat' dir='ltr'><strong><em>quam</em></strong></span> <span class='ocrx_word' id='word_1_98' title='bbox 1063 2555 1194 2638; x_wconf 87' lang='lat' dir='ltr'><strong><em>loquens</em></strong></span> <span class='ocrx_word' id='word_1_99' title='bbox 1219 2561 1321 2621; x_wconf 89' lang='lat' dir='ltr'><strong><em>mani-</em></strong></span> 
     </span>
     <span class='ocr_line' id='line_1_16' title="bbox 11 2643 1322 2727; baseline 0.001 -22"><span class='ocrx_word' id='word_1_100' title='bbox 11 2652 16 2657; x_wconf 88' lang='grc'><em>“</em></span> <span class='ocrx_word' id='word_1_101' title='bbox 66 2643 337 2724; x_wconf 63' lang='lat' dir='ltr'><strong><em>sectaremini,</em></strong></span> <span class='ocrx_word' id='word_1_102' title='bbox 368 2666 425 2709; x_wconf 89' lang='lat' dir='ltr'><strong><em>seu</em></strong></span> <span class='ocrx_word' id='word_1_103' title='bbox 456 2650 590 2727; x_wconf 87' lang='lat' dir='ltr'><strong><em>paucis:</em></strong></span> <span class='ocrx_word' id='word_1_104' title='bbox 620 2648 659 2709; x_wconf 85' lang='lat' dir='ltr'><strong><em>In</em></strong></span> <span class='ocrx_word' id='word_1_105' title='bbox 687 2649 884 2726; x_wconf 83' lang='lat' dir='ltr'><strong><em>eapositione</em></strong></span> <span class='ocrx_word' id='word_1_106' title='bbox 915 2664 1029 2708; x_wconf 90' lang='lat' dir='ltr'><strong><em>sensus</em></strong></span> <span class='ocrx_word' id='word_1_107' title='bbox 1061 2647 1141 2724; x_wconf 81' lang='lat' dir='ltr'><strong><em>fides</em></strong></span> <span class='ocrx_word' id='word_1_108' title='bbox 1163 2645 1322 2707; x_wconf 89' lang='lat' dir='ltr'><strong><em>seroaudo</em></strong></span> 
     </span>
    </p>

    <p class='ocr_par' dir='ltr' id='par_1_8' title="bbox 79 2730 353 2794">
     <span class='ocr_line' id='line_1_17' title="bbox 79 2730 353 2794; baseline 0.011 -3"><span class='ocrx_word' id='word_1_109' title='bbox 79 2738 135 2792; x_wconf 85' lang='lat' dir='ltr'><strong><em>est.</em></strong></span> <span class='ocrx_word' id='word_1_110' title='bbox 181 2730 353 2794; x_wconf 90' lang='lat' dir='ltr'><strong><em>Praeterea</em></strong></span> 
     </span>
    </p>
   </div>
   <div class='ocr_carea' id='block_1_8' title="bbox 9 2833 1320 3329">
    <p class='ocr_par' dir='ltr' id='par_1_9' title="bbox 9 2833 1320 3329">
     <span class='ocr_line' id='line_1_18' title="bbox 163 2833 1319 2914; baseline -0.001 -19"><span class='ocrx_word' id='word_1_111' title='bbox 163 2833 195 2895; x_wconf 85' lang='lat'><strong><em>2.</em></strong></span> <span class='ocrx_word' id='word_1_112' title='bbox 218 2837 414 2913; x_wconf 85' lang='lat' dir='ltr'><strong><em>eapositione</em></strong></span> <span class='ocrx_word' id='word_1_113' title='bbox 448 2854 562 2897; x_wconf 82' lang='lat' dir='ltr'><strong><em>seusus</em></strong></span> <span class='ocrx_word' id='word_1_114' title='bbox 595 2835 806 2914; x_wconf 76' lang='lat' dir='ltr'><strong><em>efficiendum,</em></strong></span> <span class='ocrx_word' id='word_1_115' title='bbox 835 2844 871 2898; x_wconf 89' lang='lat' dir='ltr'><strong><em>ut</em></strong></span> <span class='ocrx_word' id='word_1_116' title='bbox 897 2835 1061 2897; x_wconf 75' lang='lat' dir='ltr'><strong><em>audientes</em></strong></span> <span class='ocrx_word' id='word_1_117' title='bbox 1093 2833 1146 2896; x_wconf 87' lang='lat' dir='ltr'><strong><em>oei</em></strong></span> <span class='ocrx_word' id='word_1_118' title='bbox 1176 2834 1319 2913; x_wconf 82' lang='lat' dir='ltr'><strong><em>tepentes,</em></strong></span> 
     </span>
     <span class='ocr_line' id='line_1_19' title="bbox 78 2919 1320 3001; baseline 0 -21"><span class='ocrx_word' id='word_1_119' title='bbox 78 2919 155 2999; x_wconf 90' lang='lat' dir='ltr'><strong><em>quid</em></strong></span> <span class='ocrx_word' id='word_1_120' title='bbox 186 2919 316 3000; x_wconf 86' lang='lat' dir='ltr'><strong><em>loquens</em></strong></span> <span class='ocrx_word' id='word_1_121' title='bbox 348 2921 481 2998; x_wconf 82' lang='lat' dir='ltr'><strong><em>dicerit,</em></strong></span> <span class='ocrx_word' id='word_1_122' title='bbox 515 2923 549 2982; x_wconf 89' lang='lat' dir='ltr'><strong><em>iu</em></strong></span> <span class='ocrx_word' id='word_1_123' title='bbox 578 2931 725 3001; x_wconf 88' lang='lat' dir='ltr'><strong><em>quantum</em></strong></span> <span class='ocrx_word' id='word_1_124' title='bbox 754 2923 825 3000; x_wconf 77' lang='lat' dir='ltr'><strong><em>fieri</em></strong></span> <span class='ocrx_word' id='word_1_125' title='bbox 853 2927 975 3000; x_wconf 91' lang='lat' dir='ltr'><strong><em>potest,</em></strong></span> <span class='ocrx_word' id='word_1_126' title='bbox 999 2921 1085 2983; x_wconf 84' lang='lat' dir='ltr'><strong><em>clare</em></strong></span> <span class='ocrx_word' id='word_1_127' title='bbox 1119 2929 1320 2999; x_wconf 88' lang='lat' dir='ltr'><strong><em>coqnoscant,</em></strong></span> 
     </span>
     <span class='ocr_line' id='line_1_20' title="bbox 10 3006 1320 3091; baseline 0 -25"><span class='ocrx_word' id='word_1_128' title='bbox 10 3056 25 3091; x_wconf 67' lang='lat'><strong><em>,</em></strong></span> <span class='ocrx_word' id='word_1_129' title='bbox 78 3007 153 3086; x_wconf 89' lang='lat' dir='ltr'><strong><em>quia</em></strong></span> <span class='ocrx_word' id='word_1_130' title='bbox 174 3025 276 3076; x_wconf 88' lang='lat' dir='ltr'><strong><em>secus,</em></strong></span> <span class='ocrx_word' id='word_1_131' title='bbox 300 3009 417 3070; x_wconf 78' lang='lat' dir='ltr'><strong><em>sititis</em></strong></span> <span class='ocrx_word' id='word_1_132' title='bbox 438 3007 607 3088; x_wconf 80' lang='lat' dir='ltr'><strong><em>quidquam</em></strong></span> <span class='ocrx_word' id='word_1_133' title='bbox 639 3007 807 3070; x_wconf 88' lang='lat' dir='ltr'><strong><em>obscurum</em></strong></span> <span class='ocrx_word' id='word_1_134' title='bbox 829 3015 985 3084; x_wconf 90' lang='lat' dir='ltr'><strong><em>maneret,</em></strong></span> <span class='ocrx_word' id='word_1_135' title='bbox 1019 3025 1132 3083; x_wconf 82' lang='lat' dir='ltr'><strong><em>sensus</em></strong></span> <span class='ocrx_word' id='word_1_136' title='bbox 1165 3006 1320 3086; x_wconf 84' lang='lat' dir='ltr'><strong><em>loquentis</em></strong></span> 
     </span>
     <span class='ocr_line' id='line_1_21' title="bbox 9 3093 1317 3174; baseline 0.001 -23"><span class='ocrx_word' id='word_1_137' title='bbox 9 3108 13 3113; x_wconf 91' lang='lat'>·</span> <span class='ocrx_word' id='word_1_138' title='bbox 77 3108 141 3152; x_wconf 86' lang='lat' dir='ltr'><strong><em>nou</em></strong></span> <span class='ocrx_word' id='word_1_139' title='bbox 162 3110 275 3154; x_wconf 85' lang='lat' dir='ltr'><strong><em>reuera</em></strong></span> <span class='ocrx_word' id='word_1_140' title='bbox 293 3096 506 3173; x_wconf 73' lang='lat' dir='ltr'><strong><em>panderetur5</em></strong></span> <span class='ocrx_word' id='word_1_141' title='bbox 528 3095 601 3156; x_wconf 78' lang='lat' dir='ltr'><strong><em>irinc</em></strong></span> <span class='ocrx_word' id='word_1_142' title='bbox 623 3096 780 3174; x_wconf 81' lang='lat' dir='ltr'><strong><em>eapositia</em></strong></span> <span class='ocrx_word' id='word_1_143' title='bbox 803 3095 895 3154; x_wconf 90' lang='lat' dir='ltr'><strong><em>etiam</em></strong></span> <span class='ocrx_word' id='word_1_144' title='bbox 926 3095 1152 3174; x_wconf 77' lang='lat' dir='ltr'><strong><em>perspicuitate</em></strong></span> <span class='ocrx_word' id='word_1_145' title='bbox 1174 3093 1317 3171; x_wconf 85' lang='lat' dir='ltr'><strong><em>qaudeat,</em></strong></span> 
     </span>
     <span class='ocr_line' id='line_1_22' title="bbox 77 3178 1319 3260; baseline 0.002 -24"><span class='ocrx_word' id='word_1_146' title='bbox 77 3194 204 3239; x_wconf 87' lang='lat' dir='ltr'><strong><em>necesse</em></strong></span> <span class='ocrx_word' id='word_1_147' title='bbox 228 3186 284 3240; x_wconf 90' lang='lat' dir='ltr'><strong><em>est.</em></strong></span> <span class='ocrx_word' id='word_1_148' title='bbox 308 3180 384 3241; x_wconf 85' lang='lat' dir='ltr'><strong><em>Inde</em></strong></span> <span class='ocrx_word' id='word_1_149' title='bbox 408 3181 564 3256; x_wconf 75' lang='lat' dir='ltr'><strong><em>ducatio</em></strong></span> <span class='ocrx_word' id='word_1_150' title='bbox 585 3181 690 3243; x_wconf 84' lang='lat' dir='ltr'><strong><em>attera</em></strong></span> <span class='ocrx_word' id='word_1_151' title='bbox 711 3180 980 3260; x_wconf 83' lang='lat' dir='ltr'><strong><em>interpretationis</em></strong></span> <span class='ocrx_word' id='word_1_152' title='bbox 998 3178 1160 3258; x_wconf 75' lang='lat' dir='ltr'><strong><em>fuucnoue</em></strong></span> <span class='ocrx_word' id='word_1_153' title='bbox 1186 3197 1319 3258; x_wconf 86' lang='lat' dir='ltr'><strong><em>sequen·</em></strong></span> 
     </span>
     <span class='ocr_line' id='line_1_23' title="bbox 80 3264 671 3329; baseline 0.008 -7"><span class='ocrx_word' id='word_1_154' title='bbox 80 3269 140 3323; x_wconf 91' lang='lat' dir='ltr'><strong><em>tem</em></strong></span> <span class='ocrx_word' id='word_1_155' title='bbox 161 3282 303 3326; x_wconf 88' lang='lat' dir='ltr'><strong><em>normam</em></strong></span> <span class='ocrx_word' id='word_1_156' title='bbox 326 3264 557 3329; x_wconf 85' lang='lat' dir='ltr'><strong><em>obseruandum</em></strong></span> <span class='ocrx_word' id='word_1_157' title='bbox 579 3285 671 3328; x_wconf 83' lang='lat' dir='ltr'><strong><em>esse:</em></strong></span> 
     </span>
    </p>
   </div>
   <div class='ocr_carea' id='block_1_9' title="bbox 232 3367 1316 3448">
    <p class='ocr_par' dir='ltr' id='par_1_10' title="bbox 232 3367 1316 3448">
     <span class='ocr_line' id='line_1_24' title="bbox 232 3367 1316 3448; baseline -0.005 -19"><span class='ocrx_word' id='word_1_158' title='bbox 232 3368 271 3429; x_wconf 87' lang='lat' dir='ltr'><strong><em>In</em></strong></span> <span class='ocrx_word' id='word_1_159' title='bbox 292 3387 406 3430; x_wconf 90' lang='lat' dir='ltr'><strong><em>sensns</em></strong></span> <span class='ocrx_word' id='word_1_160' title='bbox 427 3370 624 3448; x_wconf 82' lang='lat' dir='ltr'><strong><em>capositione</em></strong></span> <span class='ocrx_word' id='word_1_161' title='bbox 645 3367 738 3447; x_wconf 77' lang='lat' dir='ltr'><strong><em>fidem</em></strong></span> <span class='ocrx_word' id='word_1_162' title='bbox 760 3386 878 3444; x_wconf 89' lang='lat' dir='ltr'><strong><em>seroes,</em></strong></span> <span class='ocrx_word' id='word_1_163' title='bbox 894 3376 925 3430; x_wconf 91' lang='lat' dir='ltr'><strong><em>et</em></strong></span> <span class='ocrx_word' id='word_1_164' title='bbox 936 3367 1159 3447; x_wconf 86' lang='lat' dir='ltr'><strong><em>perspicuitati</em></strong></span> <span class='ocrx_word' id='word_1_165' title='bbox 1181 3368 1316 3429; x_wconf 88' lang='lat' dir='ltr'><strong><em>studeas.</em></strong></span> 
     </span>
    </p>
   </div>
   <div class='ocr_carea' id='block_1_10' title="bbox 79 3466 1316 3633">
    <p class='ocr_par' dir='ltr' id='par_1_11' title="bbox 79 3466 1316 3633">
     <span class='ocr_line' id='line_1_25' title="bbox 162 3466 1316 3553; baseline 0 -24"><span class='ocrx_word' id='word_1_166' title='bbox 162 3466 228 3531; x_wconf 90' lang='grc' dir='ltr'><strong><em>ΝΒ.</em></strong></span> <span class='ocrx_word' id='word_1_167' title='bbox 252 3471 401 3533; x_wconf 85' lang='lat' dir='ltr'><strong><em>Termini:</em></strong></span> <span class='ocrx_word' id='word_1_168' title='bbox 425 3487 535 3535; x_wconf 87' lang='lat' dir='ltr'><strong><em>sensus</em></strong></span> <span class='ocrx_word' id='word_1_169' title='bbox 557 3472 813 3553; x_wconf 82' lang='lat' dir='ltr'><strong><em>repraesentatio,</em></strong></span> <span class='ocrx_word' id='word_1_170' title='bbox 836 3469 988 3553; x_wconf 83' lang='lat' dir='ltr'><strong><em>expositio</em></strong></span> <span class='ocrx_word' id='word_1_171' title='bbox 1007 3476 1038 3533; x_wconf 88' lang='lat' dir='ltr'><strong><em>et</em></strong></span> <span class='ocrx_word' id='word_1_172' title='bbox 1053 3469 1220 3550; x_wconf 82' lang='lat' dir='ltr'><strong><em>explicatio</em></strong></span> <span class='ocrx_word' id='word_1_173' title='bbox 1243 3487 1316 3550; x_wconf 56' lang='lat' dir='ltr'><strong><em>synf</em></strong></span> 
     </span>
     <span class='ocr_line' id='line_1_26' title="bbox 79 3554 1210 3633; baseline 0.019 -20"><span class='ocrx_word' id='word_1_174' title='bbox 79 3554 182 3633; x_wconf 82' lang='lat' dir='ltr'><strong><em>ouymi</em></strong></span> <span class='ocrx_word' id='word_1_175' title='bbox 206 3573 223 3616; x_wconf 86' lang='lat' dir='ltr'><strong><em>a</em></strong></span> <span class='ocrx_word' id='word_1_176' title='bbox 246 3557 334 3618; x_wconf 88' lang='lat' dir='ltr'><strong><em>nobis</em></strong></span> <span class='ocrx_word' id='word_1_177' title='bbox 357 3557 516 3621; x_wconf 85' lang='lat' dir='ltr'><strong><em>habentur.</em></strong></span> <span class='ocrx_word' id='word_1_178' title='bbox 1202 3575 1210 3583; x_wconf 80' lang='grc'><strong>’</strong></span> 
     </span>
    </p>
   </div>
   <div class='ocr_carea' id='block_1_11' title="bbox 648 3741 752 3816">
    <p class='ocr_par' dir='ltr' id='par_1_12' title="bbox 648 3741 752 3816">
     <span class='ocr_line' id='line_1_27' title="bbox 648 3741 752 3816; baseline 0 -12"><span class='ocrx_word' id='word_1_179' title='bbox 648 3748 677 3816; x_wconf 73' lang='lat' dir='ltr'><strong><em>S.</em></strong></span> <span class='ocrx_word' id='word_1_180' title='bbox 700 3741 752 3805; x_wconf 88' lang='grc'><strong><em>97.</em></strong></span> 
     </span>
    </p>
   </div>
   <div class='ocr_carea' id='block_1_12' title="bbox 447 3875 952 3945">
    <p class='ocr_par' dir='ltr' id='par_1_13' title="bbox 447 3875 952 3945">
     <span class='ocr_line' id='line_1_28' title="bbox 447 3875 952 3945; baseline 0.002 -19"><span class='ocrx_word' id='word_1_181' title='bbox 447 3875 540 3928; x_wconf 79' lang='lat' dir='ltr'><strong><em>Variae</em></strong></span> <span class='ocrx_word' id='word_1_182' title='bbox 558 3894 651 3931; x_wconf 83' lang='lat' dir='ltr'><strong><em>sensus</em></strong></span> <span class='ocrx_word' id='word_1_183' title='bbox 670 3876 821 3945; x_wconf 85' lang='lat' dir='ltr'><strong><em>exponendi</em></strong></span> <span class='ocrx_word' id='word_1_184' title='bbox 838 3879 952 3944; x_wconf 81' lang='lat' dir='ltr'><strong><em>species.</em></strong></span> 
     </span>
    </p>
   </div>
   <div class='ocr_carea' id='block_1_13' title="bbox 75 4015 1323 4272">
    <p class='ocr_par' dir='ltr' id='par_1_14' title="bbox 75 4015 1323 4272">
     <span class='ocr_line' id='line_1_29' title="bbox 160 4015 1323 4101; baseline 0 -22"><span class='ocrx_word' id='word_1_185' title='bbox 160 4016 298 4096; x_wconf 78' lang='lat' dir='ltr'><strong><em>Species,</em></strong></span> <span class='ocrx_word' id='word_1_186' title='bbox 321 4015 433 4097; x_wconf 85' lang='lat' dir='ltr'><strong><em>quibus</em></strong></span> <span class='ocrx_word' id='word_1_187' title='bbox 454 4034 567 4079; x_wconf 90' lang='lat' dir='ltr'><strong><em>sensus</em></strong></span> <span class='ocrx_word' id='word_1_188' title='bbox 587 4019 624 4097; x_wconf 77' lang='lat' dir='ltr'><strong><em>fit</em></strong></span> <span class='ocrx_word' id='word_1_189' title='bbox 645 4021 814 4101; x_wconf 74' lang='lat' dir='ltr'><strong><em>repositio,</em></strong></span> <span class='ocrx_word' id='word_1_190' title='bbox 846 4023 958 4082; x_wconf 77' lang='lat' dir='ltr'><strong><em>ocrim</em></strong></span> <span class='ocrx_word' id='word_1_191' title='bbox 987 4027 1071 4097; x_wconf 89' lang='lat' dir='ltr'><strong><em>sunt,</em></strong></span> <span class='ocrx_word' id='word_1_192' title='bbox 1094 4028 1124 4082; x_wconf 92' lang='lat' dir='ltr'><strong><em>et</em></strong></span> <span class='ocrx_word' id='word_1_193' title='bbox 1145 4021 1323 4100; x_wconf 83' lang='lat' dir='ltr'><strong><em>dependent</em></strong></span> 
     </span>
     <span class='ocr_line' id='line_1_30' title="bbox 75 4102 1317 4187; baseline 0.003 -23"><span class='ocrx_word' id='word_1_194' title='bbox 75 4111 140 4164; x_wconf 90' lang='lat' dir='ltr'><strong><em>tum</em></strong></span> <span class='ocrx_word' id='word_1_195' title='bbox 162 4121 183 4163; x_wconf 94' lang='lat' dir='ltr'><strong><em>a</em></strong></span> <span class='ocrx_word' id='word_1_196' title='bbox 201 4105 274 4182; x_wconf 81' lang='lat' dir='ltr'><strong><em>fine,</em></strong></span> <span class='ocrx_word' id='word_1_197' title='bbox 296 4106 330 4164; x_wconf 87' lang='lat' dir='ltr'><strong><em>in</em></strong></span> <span class='ocrx_word' id='word_1_198' title='bbox 352 4112 531 4182; x_wconf 71' lang='lat' dir='ltr'><strong><em>quamtum</em></strong></span> <span class='ocrx_word' id='word_1_199' title='bbox 553 4121 574 4164; x_wconf 93' lang='lat' dir='ltr'><strong><em>a</em></strong></span> <span class='ocrx_word' id='word_1_200' title='bbox 597 4102 775 4169; x_wconf 82' lang='lat' dir='ltr'><strong><em>conditione</em></strong></span> <span class='ocrx_word' id='word_1_201' title='bbox 795 4124 1015 4186; x_wconf 89' lang='lat' dir='ltr'><strong><em>personarum,</em></strong></span> <span class='ocrx_word' id='word_1_202' title='bbox 1035 4113 1220 4185; x_wconf 89' lang='lat' dir='ltr'><strong><em>inquorum</em></strong></span> <span class='ocrx_word' id='word_1_203' title='bbox 1240 4124 1317 4187; x_wconf 86' lang='lat' dir='ltr'><strong><em>qro-</em></strong></span> 
     </span>
     <span class='ocr_line' id='line_1_31' title="bbox 75 4188 961 4272; baseline 0.002 -22"><span class='ocrx_word' id='word_1_204' title='bbox 75 4188 166 4264; x_wconf 86' lang='lat' dir='ltr'><strong><em>tiom,</em></strong></span> <span class='ocrx_word' id='word_1_205' title='bbox 188 4195 252 4250; x_wconf 90' lang='lat' dir='ltr'><strong><em>tum</em></strong></span> <span class='ocrx_word' id='word_1_206' title='bbox 274 4188 429 4268; x_wconf 77' lang='lat' dir='ltr'><strong><em>aforma,</em></strong></span> <span class='ocrx_word' id='word_1_207' title='bbox 453 4205 516 4270; x_wconf 91' lang='lat' dir='ltr'><strong><em>qna</em></strong></span> <span class='ocrx_word' id='word_1_208' title='bbox 537 4189 754 4268; x_wconf 85' lang='lat' dir='ltr'><strong><em>interpretatio</em></strong></span> <span class='ocrx_word' id='word_1_209' title='bbox 776 4194 961 4272; x_wconf 83' lang='lat' dir='ltr'><strong><em>suscipitur.</em></strong></span> 
     </span>
    </p>
   </div>
   <div class='ocr_carea' id='block_1_14' title="bbox 75 4289 1316 4573">
    <p class='ocr_par' dir='ltr' id='par_1_15' title="bbox 75 4289 1316 4573">
     <span class='ocr_line' id='line_1_32' title="bbox 167 4289 1316 4374; baseline 0.005 -25"><span class='ocrx_word' id='word_1_210' title='bbox 167 4289 194 4350; x_wconf 87' lang='lat'><strong><em>1.</em></strong></span> <span class='ocrx_word' id='word_1_211' title='bbox 217 4289 372 4370; x_wconf 72' lang='lat' dir='ltr'><strong><em>despectu</em></strong></span> <span class='ocrx_word' id='word_1_212' title='bbox 402 4294 487 4372; x_wconf 77' lang='lat' dir='ltr'><strong><em>finis,</em></strong></span> <span class='ocrx_word' id='word_1_213' title='bbox 509 4310 534 4353; x_wconf 93' lang='lat' dir='ltr'><strong><em>s.</em></strong></span> <span class='ocrx_word' id='word_1_214' title='bbox 557 4289 741 4370; x_wconf 83' lang='lat' dir='ltr'><strong><em>Scripturas</em></strong></span> <span class='ocrx_word' id='word_1_215' title='bbox 774 4297 991 4374; x_wconf 90' lang='lat' dir='ltr'><strong><em>interpretatio</em></strong></span> <span class='ocrx_word' id='word_1_216' title='bbox 1021 4295 1065 4372; x_wconf 75' lang='lat' dir='ltr'><strong><em>tit,</em></strong></span> <span class='ocrx_word' id='word_1_217' title='bbox 1088 4302 1124 4356; x_wconf 93' lang='lat' dir='ltr'><strong><em>ut</em></strong></span> <span class='ocrx_word' id='word_1_218' title='bbox 1146 4303 1202 4357; x_wconf 88' lang='lat' dir='ltr'><strong><em>aut</em></strong></span> <span class='ocrx_word' id='word_1_219' title='bbox 1223 4295 1316 4357; x_wconf 86' lang='lat' dir='ltr'><strong><em>intei-</em></strong></span> 
     </span>
     <span class='ocr_line' id='line_1_33' title="bbox 76 4373 1316 4457; baseline 0.006 -23"><span class='ocrx_word' id='word_1_220' title='bbox 76 4373 176 4435; x_wconf 86' lang='lat' dir='ltr'><strong><em>ieotus</em></strong></span> <span class='ocrx_word' id='word_1_221' title='bbox 216 4384 336 4439; x_wconf 89' lang='lat' dir='ltr'><strong><em>tantum</em></strong></span> <span class='ocrx_word' id='word_1_222' title='bbox 369 4381 545 4457; x_wconf 83' lang='lat' dir='ltr'><strong><em>capnitione</em></strong></span> <span class='ocrx_word' id='word_1_223' title='bbox 579 4382 755 4456; x_wconf 86' lang='lat' dir='ltr'><strong><em>arqumenti</em></strong></span> <span class='ocrx_word' id='word_1_224' title='bbox 792 4399 835 4440; x_wconf 86' lang='lat' dir='ltr'><strong><em>ss.</em></strong></span> <span class='ocrx_word' id='word_1_225' title='bbox 869 4380 1019 4441; x_wconf 82' lang='lat' dir='ltr'><strong><em>librorum</em></strong></span> <span class='ocrx_word' id='word_1_226' title='bbox 1052 4380 1230 4454; x_wconf 83' lang='lat' dir='ltr'><strong><em>imbuatur,</em></strong></span> <span class='ocrx_word' id='word_1_227' title='bbox 1263 4387 1316 4443; x_wconf 87' lang='lat' dir='ltr'><strong><em>aut</em></strong></span> 
     </span>
     <span class='ocr_line' id='line_1_34' title="bbox 75 4460 1315 4573; baseline 0.006 -51"><span class='ocrx_word' id='word_1_228' title='bbox 75 4460 211 4539; x_wconf 78' lang='lat' dir='ltr'><strong><em>capnitis</em></strong></span> <span class='ocrx_word' id='word_1_229' title='bbox 240 4463 424 4527; x_wconf 67' lang='lat' dir='ltr'><strong><em>cantatibus</em></strong></span> <span class='ocrx_word' id='word_1_230' title='bbox 454 4463 579 4528; x_wconf 81' lang='lat' dir='ltr'><strong><em>biblicis</em></strong></span> <span class='ocrx_word' id='word_1_231' title='bbox 615 4464 712 4538; x_wconf 83' lang='lat' dir='ltr'><strong><em>simut</em></strong></span> <span class='ocrx_word' id='word_1_232' title='bbox 744 4466 891 4529; x_wconf 79' lang='lat' dir='ltr'><strong><em>uoluntas</em></strong></span> <span class='ocrx_word' id='word_1_233' title='bbox 920 4474 1102 4543; x_wconf 81' lang='lat' dir='ltr'><strong><em>utooeatur,</em></strong></span> <span class='ocrx_word' id='word_1_234' title='bbox 1130 4465 1190 4547; x_wconf 88' lang='lat' dir='ltr'><strong><em>pio</em></strong></span> <span class='ocrx_word' id='word_1_235' title='bbox 1219 4482 1315 4573; x_wconf 56' lang='lat' dir='ltr'><strong><em>upra</em></strong></span> 
     </span>
    </p>
   </div>
   <div class='ocr_carea' id='block_1_15' title="bbox 1196 4556 1290 4683">
    <p class='ocr_par' dir='ltr' id='par_1_16' title="bbox 1196 4556 1290 4683">
     <span class='ocr_line' id='line_1_35' title="bbox 1196 4556 1290 4683; baseline 0 -16"><span class='ocrx_word' id='word_1_236' title='bbox 1196 4556 1290 4683; x_wconf 54' lang='lat' dir='ltr'><strong><em>iffi</em></strong></span> 
     </span>
    </p>
   </div>
   <div class='ocr_carea' id='block_1_16' title="bbox 0 0 1422 4896">
    <p class='ocr_par' dir='ltr' id='par_1_17' title="bbox 0 0 1422 4896">
     <span class='ocr_line' id='line_1_36' title="bbox 0 0 1422 4896; baseline 0 3"><span class='ocrx_word' id='word_1_237' title='bbox 0 0 1422 4896; x_wconf 95' lang='lat' dir='ltr'><strong><em> </em></strong></span> 
     </span>
    </p>
   </div>
  </div>
 </body>
</html>
