2834 4896
1255 208 1291 272 ll

55 382 95 442 de
119 381 306 443 necessitate
327 379 408 441 illud
428 379 617 443 observandi
624 401 638 455 ,·
660 382 1056 463 quotiescunqnenimirnrn
1076 383 1298 461 capitationem

55 470 278 531 commercium
300 469 382 528 inter
403 467 613 548 colloquentes
635 468 792 543 turbatur,
815 468 873 529 boc
896 470 1069 530 restitotnri
1091 469 1134 529 ad
1148 469 1298 547 principii

56 556 163 617 nostri
185 552 375 615 observandi
396 557 611 616 necessitatem
630 572 807 633 provocare
829 554 953 627 solent;
975 555 1105 633 deniqne

144 640 174 700 5.
195 640 396 718 perspicuam
415 648 445 700 et
463 639 559 718 facile
582 638 750 718 applicato,
773 649 808 700 nt
817 642 888 717 jam
907 658 946 700 ea
968 640 1141 700 immediate
1161 657 1297 718 praece-

55 724 204 787 dentibus
223 734 331 804 patet;
354 724 437 804 qnod
458 728 539 786 enim
561 743 630 786 corn
651 727 760 785 natica
781 727 893 786 mentis
915 725 1068 786 bomanoe
1091 726 1196 786 indole
1218 726 1297 786 adeo

56 821 147 873 arcte
171 810 327 886 cohaeret,
352 813 463 889 qnoois
486 812 561 873 dota
584 813 750 871 occasione
773 820 883 889 sponte
907 829 976 871 sese
1000 811 1144 872 obtrudit.
1154 811 1192 885 *J

143 895 193 958 Ex
215 896 304 958 dictis
328 895 557 959 corollariorum
579 897 675 958 instar
697 904 863 976 sequentes
886 903 1063 979 promanant

637 1057 718 1133 aa·
802 1021 803 1024 Ὺ

439 1164 560 1219 Oenones
581 1166 771 1220 hermeneutici
789 1165 937 1234 generales.

147 1278 177 1344 1.
201 1278 352 1357 Quamvis
374 1282 633 1361 siqnlficationem
654 1285 743 1344 cocis
766 1292 823 1344 aot
841 1281 1015 1361 formulae,
1039 1281 1202 1362 quemlibet
1222 1301 1299 1345 sen-

59 1388 128 1431 snm
147 1370 380 1449 propositionis
406 1378 588 1430 constanter
620 1371 768 1447 rejicias,
798 1371 851 1448 qni
880 1387 1026 1447 supremo
1054 1368 1299 1430 bermeneotleae

60 1456 217 1538 principio
242 1456 326 1515 omni
348 1473 388 1515 ea
406 1463 499 1532 parte
522 1463 661 1535 spectato
681 1455 776 1534 plane
799 1473 862 1515 non
891 1456 1053 1528 convenit,
1085 1455 1103 1516 i.
1127 1472 1155 1515 e.
1179 1456 1230 1534 qui
1252 1461 1301 1517 sat

63 1541 184 1622 cogrrito
208 1540 276 1602 sive
300 1540 368 1602 usui
390 1539 544 1621 loquendi,
568 1541 634 1601 sive
658 1540 814 1602 contextui
847 1540 1012 1618 orationis,
1045 1539 1112 1602 sive
1134 1540 1300 1603 conditioni

61 1626 109 1687 vel
131 1626 272 1689 internas
294 1624 343 1687 vel
367 1632 513 1687 externae
535 1625 689 1706 loquentis
712 1626 899 1688 adversatur.

144 1712 177 1775 2.
198 1710 278 1773 Enm
301 1713 507 1791 siqnificatnm
529 1715 618 1774 cocis
634 1723 690 1774 ant
707 1713 873 1792 fonrtnlae,
896 1730 1022 1774 sensnm
1039 1711 1128 1773 illum
1148 1713 1300 1792 proposi·

60 1800 155 1861 tionis
178 1806 244 1860 tnta
266 1798 451 1877 amplectere
474 1817 600 1875 oerum,
623 1800 676 1878 qni
708 1817 854 1877 supremo
884 1799 1113 1877 interpretandi
1140 1800 1300 1878 principia

60 1885 148 1947 solos
171 1883 348 1963 respondet.

144 1968 177 2031 3.
200 1968 321 2044 Quodsi
342 1987 416 2031 cero
436 1969 547 2049 plnres
568 1970 814 2048 stqntttcattones
836 1971 924 2031 cocis
946 1978 1003 2032 ant
1020 1969 1195 2048 sarmedae,
1223 1970 1300 2050 pln-

61 2074 111 2117 res
133 2056 307 2117 sententiae
326 2058 556 2136 propositionis
578 2058 623 2117 ito
654 2066 727 2117 sunt
757 2066 976 2135 comparatae,
1010 2066 1044 2118 nt
1076 2055 1219 2118 omnibns
1241 2059 1300 2119 rite

59 2142 227 2220 perpensis
242 2142 345 2219 primo
368 2142 613 2203 bermenentieae
630 2144 787 2222 principio
810 2143 999 2221 respondere
1021 2143 1239 2203 inveniantur:
1261 2160 1300 2205 ne

62 2226 202 2288 baesites
224 2224 311 2287 illam
329 2227 504 2307 praeferre,
527 2247 605 2309 quae
624 2228 770 2307 pluribus
793 2238 848 2289 ant
866 2228 1045 2306 potioribus
1066 2230 1176 2290 nititur
1197 2230 1300 2289 ratio·

62 2310 172 2388 nibns,
205 2321 236 2372 et
257 2310 295 2372 ab
315 2313 501 2391 facilitatem
527 2315 622 2375 simol
647 2314 902 2387 commendatum
933 2332 1001 2374 nam
1025 2313 1055 2374 in
1084 2313 1175 2375 dubio
1209 2331 1300 2377 nemo

61 2417 120 2459 nan
145 2396 309 2475 cordatus,
344 2398 425 2477 quod
458 2399 596 2461 omnibus
627 2407 770 2461 scemate
793 2398 968 2481 ponderatis
991 2399 1175 2479 probabilius
1199 2406 1246 2461 est
1269 2406 1301 2461 et

62 2488 175 2566 sponte
199 2482 286 2563 quasi
308 2491 407 2545 semet
430 2484 585 2561 obtrudit,
607 2484 742 2565 praefert
765 2485 813 2564 ei,
846 2484 929 2565 quod
952 2490 1000 2546 est
1022 2485 1120 2547 minus
1142 2485 1300 2566 probabile

62 2577 91 2632 et
113 2587 131 2631 e
154 2569 324 2650 longinqua
346 2569 520 2650 petendum.
564 2570 641 2633 Hinc
664 2577 700 2648 et

146 2655 179 2716 4.
202 2655 488 2735 interpretationem
511 2656 598 2717 illane
620 2659 793 2719 certissime
816 2656 934 2718 babeas
955 2675 1076 2733 ceram,
1099 2676 1178 2738 qnae
1200 2657 1302 2719 omni·

63 2740 128 2814 bns,
141 2743 282 2821 supremi
301 2743 452 2823 principii
471 2742 617 2821 partibus
641 2745 752 2823 optime
775 2743 951 2822 respondet.
995 2742 1107 2804 Verum

148 2829 179 2888 5.
203 2845 328 2904 caecos,
351 2847 390 2889 ne
412 2831 698 2908 interpretationem
720 2848 788 2889 cora
805 2839 835 2890 et
852 2830 922 2889 ideo
944 2829 1062 2891 babeas
1084 2848 1200 2905 aeram,
1223 2845 1302 2908 qnae

62 2923 91 2975 et
111 2914 189 2993 qnia
208 2914 266 2973 nni
286 2914 417 2975 alterive
430 2916 517 2993 parti
537 2916 676 2993 supremi
694 2916 855 2994 principii,
878 2933 906 2976 o.
917 2934 945 2994 q.
971 2917 1139 2990 contectni,
1163 2917 1303 2994 apprime

61 3001 226 3078 conqrnit,
257 3017 336 3079 qnae
358 3018 434 3061 oero
456 3000 585 3080 reliquis
607 3002 709 3062 minos
732 3001 899 3079 respondet
921 3001 971 3062 cel
986 3001 1082 3081 plane
1104 3001 1302 3076 adversator,

62 3103 88 3145 v.
101 3104 132 3166 g.
145 3084 217 3146 usui
238 3083 406 3165 loquendi;
429 3103 497 3145 narn
519 3090 557 3160 a)
570 3085 823 3166 quamadmodum
845 3085 975 3167 loquens
989 3105 1063 3148 sana
1086 3092 1187 3147 mente
1207 3101 1302 3166 prae-

62 3170 143 3233 ditus
167 3176 231 3233 tum
253 3171 323 3233 usui
344 3169 507 3252 loquendi,
539 3178 600 3232 turn
625 3172 795 3249 contextui,
829 3179 891 3233 turn
914 3172 1081 3234 conditioni
1103 3189 1178 3233 suae
1201 3170 1303 3232 omni-

62 3255 173 3318 modae
197 3256 417 3318 convenienter
440 3257 571 3337 cogitata
595 3275 747 3339 sensaque
771 3276 826 3319 sua
857 3258 985 3320 vocibus
1017 3257 1208 3333 manifestet,
1241 3274 1302 3317 ne-

62 3361 154 3405 cesse
179 3347 246 3404 est:
278 3341 320 3403 ita
344 3348 375 3404 et
405 3343 555 3424 interpres
586 3343 654 3404 vice
687 3362 777 3407 versa
810 3345 949 3407 omnibus
980 3344 1046 3405 istis
1078 3342 1302 3405 conditionibus

63 3446 164 3509 aeque
178 3426 367 3506 satisfaciat,
391 3434 531 3509 oportet3
553 3435 713 3510 praeterea
737 3430 774 3505 b)
796 3447 858 3491 non
873 3449 889 3490 a
902 3429 1010 3511 quovis
1033 3428 1179 3510 loquente
1191 3436 1302 3511 postu-

62 3513 127 3576 lare
150 3512 198 3575 ias
222 3520 288 3591 ast,
320 3521 353 3576 ut
375 3533 412 3576 aa
434 3532 557 3597 semper
578 3514 725 3597 intebigat
747 3534 848 3596 eoque
871 3515 961 3578 modo
984 3513 1146 3596 adhibeat,
1170 3533 1249 3596 quae
1272 3520 1304 3575 at

63 3618 123 3680 qno
148 3598 241 3662 modo
265 3599 396 3662 adbibita
418 3618 446 3660 v.
470 3619 499 3681 g.
524 3602 680 3662 contextui
701 3601 961 3681 repraesentando
974 3601 1024 3663 vel
1047 3602 1213 3664 conditioni
1227 3617 1302 3663 suae

64 3684 307 3749 manifestandae
331 3691 436 3748 essent
458 3686 632 3768 aptissima3
663 3704 755 3749 secus
779 3686 858 3763 enirn
888 3689 1055 3769 scriptores
1078 3706 1163 3751 mere
1191 3687 1302 3749 classi·

65 3789 119 3833 eos
140 3771 336 3834 haberemus.

97 3959 125 4026 ⁴)
144 3958 254 4078 izaucis:
273 3965 387 4039 nostrum
408 3972 557 4024 supremum
576 3957 788 4011 hermeneuticae
806 3961 949 4011 communis
968 3960 1122 4028 principium
1141 3967 1197 4011 sets

171 4065 178 4076 .
196 4042 287 4077 [evera
325 4042 414 4076 timum
433 4043 480 4076 Seu
502 4043 530 4076 su
553 4042 666 4078 ΓΘῘΙΠΙΙΙΙ·

151 4096 177 4147 2.
196 4044 349 4156 universabe,
369 4104 393 4144 rt
412 4043 549 4160 quidemp
660 4065 667 4090 ’

203 4168 232 4229 a)
251 4165 352 4215 ratione
372 4165 494 4212 misseriae
513 4172 634 4230 utsupra
654 4164 752 4232 sub'25

203 4235 232 4299 b)
251 4238 375 4298 respectu
394 4231 503 4296 formae,
521 4242 549 4284 ut
566 4232 615 4283 sub
633 4233 664 4300 33

203 4306 232 4372 c)
250 4301 334 4353 relate
353 4300 386 4350 ad
405 4314 496 4364 usam,
515 4302 550 4352 ita
568 4311 596 4351 ut
615 4302 705 4368 partim
723 4303 756 4353 sit
774 4301 913 4355 absolutae
932 4305 1110 4373 necessitatis,
1129 4308 1218 4373 partim
1238 4324 1301 4376 per-

255 4371 374 4447 spicnum
392 4370 513 4423 atraciis
532 4369 672 4439 applicata,
691 4379 719 4423 ut
737 4371 785 4423 snb
803 4373 828 4424 4.
848 4381 875 4425 et
892 4374 917 4431 5.

555 4536 811 4551 *ψη
