2834 4896
94 188 106 217 ‘
1300 186 1324 255 i

83 363 286 427 discursitant
321 359 507 437 (mediatam,
541 359 697 421 notionum
731 358 893 420 collatione
928 359 1085 433 allectam)
1120 360 1327 435 cognitionem

82 451 226 533 pertinet,
251 465 330 546 quae
355 448 392 508 ab
417 447 539 507 arbitrio
564 445 726 526 dependet.
771 445 933 505 Praeterea
1317 476 1321 481 -

187 537 224 615 β)
261 535 327 613 ipsa
350 535 430 609 soni,
455 552 471 593 a
495 532 606 608 rebuS,
642 550 720 611 quae
744 531 953 610 designandae
977 538 1067 607 sunt,
1098 531 1170 592 editi
1203 532 1328 593 irnitatio

83 622 163 684 adeo
186 621 273 682 varia
296 625 353 696 est,
377 625 493 681 utnon
516 619 574 679 soli
597 635 780 698 organorum
803 617 941 697 linguae,
974 617 1052 678 coeli
1083 623 1114 677 et
1137 617 1246 694 victus,
1270 636 1329 679 co-

82 707 203 790 gitandi
227 704 441 785 sentiendique
458 704 625 765 diversitati
649 702 780 764 adscribi
802 703 911 783 possit,
924 702 979 764 sed
999 702 1160 783 quomdam
1181 701 1328 766 libertatis

83 813 173 857 usum
196 796 357 873 supponat,
389 796 422 850 ut
446 789 616 870 rxernplurn
640 788 678 849 de
703 789 815 850 tonitru
838 788 1007 849 desunrtum
1031 787 1172 850 ostendit.
1195 788 1328 851 Tandem

188 884 222 957 p)
245 876 400 939 affinitatis
422 878 511 954 ratio,
543 876 581 937 ob
606 893 694 955 qnam
719 893 787 935 curn
810 892 889 935 voce
923 874 1052 953 quadam
1075 874 1178 954 plures
1207 875 1328 955 signiti-

84 966 236 1040 aetianae,
260 969 311 1024 aut
333 981 401 1023 curn
424 965 507 1023 cirtd
537 963 623 1023 vocis
646 959 742 1021 lormd
772 959 830 1027 bac
853 960 961 1021 illaovo
985 960 1141 1021 notionum
1163 961 1328 1023 πΙπῑίοπεε

85 1059 113 1114 et
136 1050 222 1112 modi
246 1049 481 1130 conjunguntur,
505 1047 660 1128 multiplex
684 1064 755 1107 esse
778 1052 889 1127 potest,
919 1052 1009 1126 prout
1032 1051 1168 1124 autres,
1192 1054 1243 1108 aut
1265 1064 1327 1111 no-

84 1139 185 1201 tiones
210 1155 252 1197 ex
273 1135 330 1196 bac
353 1133 402 1195 vel
424 1134 474 1195 illa
497 1139 582 1214 parte
606 1138 790 1214 spectantur.

192 1222 280 1295 Quae
304 1239 371 1281 curn
394 1220 435 1281 ita
456 1220 527 1295 sint,
551 1225 643 1299 patet,
672 1237 787 1299 necnpi
809 1219 893 1280 inter
914 1221 1162 1321 siqnificationes
1185 1230 1215 1282 et
1236 1240 1330 1283 eoces

87 1308 349 1382 intercedentem,
379 1308 409 1366 si
440 1308 544 1384 ipsam
575 1307 644 1383 ejas
674 1306 828 1383 cripinern
859 1315 999 1384 spectes,
1027 1309 1152 1367 niinirne
1181 1309 1241 1368 niti
1270 1326 1330 1368 ne-

89 1398 237 1459 cessitate
262 1394 398 1473 quadani
420 1401 565 1465 naturae,
588 1410 652 1452 non
685 1409 754 1452 esse
783 1391 926 1453 absolute
948 1394 1179 1468 rrecessnrium,
1211 1393 1268 1453 sed
1289 1393 1329 1455 ab

91 1482 225 1544 arbitrio
251 1478 414 1559 penderes
434 1476 556 1552 Quodsi
579 1487 683 1538 autern
714 1476 849 1538 arbitrio
884 1479 972 1538 locus
999 1489 1070 1540 erat
1102 1481 1137 1539 in
1166 1478 1329 1540 meabas

92 1566 288 1640 inveniendo,
311 1565 406 1625 molto
427 1564 528 1643 inopis
553 1564 693 1641 ejusdem
722 1581 824 1624 nesus
853 1582 894 1624 esc
922 1574 1014 1642 parte
1042 1566 1179 1626 alioruin
1209 1582 1329 1644 oppro-

90 1654 172 1715 butio
197 1651 240 1713 ab
266 1650 399 1711 arbitrio
425 1649 589 1728 pendebat.
635 1649 741 1709 llatae
772 1650 877 1727 itaque
905 1668 1062 1712 consensa
1094 1651 1329 1712 determinaba-

89 1749 138 1801 tur
155 1756 262 1799 nenas
285 1738 367 1796 inter
389 1754 484 1797 voces
508 1744 539 1796 et
555 1737 699 1795 notiones
719 1736 946 1812 sipnisicondcs
963 1738 1069 1797 initus.
1099 1737 1230 1816 Propter
1248 1737 1330 1798 bunc

90 1827 191 1904 ipsum
219 1822 378 1883 libertatis
403 1831 506 1883 cctnm
525 1820 682 1882 vocabula
705 1828 787 1879 recte
810 1820 958 1881 dicantar
978 1822 1153 1883 arbitraria
1169 1824 1331 1884 notionem

89 1913 196 1989 siqua.
224 1940 264 1952 -
299 1906 411 1968 Vernae
436 1909 496 1970 etsi
518 1906 653 1967 arbitrio
685 1906 774 1966 locas
796 1915 865 1967 erut
887 1908 920 1967 in
944 1907 1003 1967 boc
1027 1927 1112 1968 nean
1137 1909 1274 1969 ineundo
1301 1916 1333 1969 et

90 2013 248 2057 consensu
270 1993 370 2053 sideni
402 1993 578 2067 tribuendo,
608 2010 783 2053 consensus
810 2000 911 2052 tarrien
937 1994 995 2053 iste
1027 1996 1230 2054 necessarias
1253 2002 1331 2070 erat,

92 2084 118 2142 si
141 2081 288 2141 borsines
313 2080 396 2139 inter
418 2098 452 2139 se
476 2080 610 2139 inuicem
633 2079 857 2155 capitationem
884 2081 1101 2141 corrrrnercinrn
1125 2078 1247 2159 efficere
1271 2098 1331 2141 nu·

94 2169 239 2238 luerunt;
257 2183 356 2243 porro
379 2183 481 2225 nexus
500 2172 574 2224 acta
595 2164 693 2223 initiis
715 2164 823 2224 eddern
844 2184 884 2224 ecc
907 2170 1007 2227 consti
1025 2176 1207 2228 constanter
1228 2168 1332 2245 firasi-

93 2263 199 2331 terqne
231 2260 300 2311 erat
329 2252 528 2322 serocndns;
558 2250 673 2329 quodsi
698 2251 779 2309 enirn
810 2250 952 2311 tornines
985 2252 1121 2313 arbitrio
1149 2272 1208 2314 suo
1239 2252 1332 2314 obnsi

90 2348 162 2419 post
186 2337 280 2398 breve
303 2346 423 2414 ternpus
443 2337 483 2397 nb
502 2337 560 2396 illo
582 2336 683 2395 darino
706 2336 939 2410 discessissent,
963 2337 1022 2397 boc
1045 2340 1115 2416 ipsc
1140 2347 1248 2399 matun
1273 2356 1332 2399 co·

95 2426 285 2503 pitationuni
307 2423 548 2482 conmunicatio
573 2429 657 2481 esset
679 2419 806 2480 subluto
825 2430 881 2482 cut
902 2424 1014 2483 saltem
1027 2441 1192 2501 suspenso.

195 2508 247 2569 lic
270 2509 322 2569 bis
346 2508 490 2569 orianibns
505 2508 656 2585 seqnitur,
676 2524 768 2567 nsunt
791 2507 937 2586 loquendi
958 2527 1022 2569 non
1034 2507 1182 2571 absoluti
1200 2511 1332 2590 quidem,

95 2595 293 2675 ippotbeticd
315 2604 418 2655 tamen
440 2594 500 2653 niti
523 2593 719 2653 necessitate

198 2681 230 2741 2.
253 2680 514 2759 Distinpnendnm
535 2688 582 2738 est
603 2679 685 2738 inter
702 2696 795 2738 nsum
816 2679 963 2756 loquendi
979 2699 1169 2742 communem
1191 2690 1222 2743 et
1233 2646 1334 2761 pecii-

99 2769 218 2829 liarem.
262 2766 357 2826 Prior
373 2773 422 2825 est
446 2766 516 2839 ille,
537 2783 626 2843 quern
649 2782 756 2824 omnies
777 2764 917 2825 doctrines
940 2768 1048 2827 eidem
1074 2768 1181 2846 linquit
1212 2778 1333 2829 utentes

98 2861 292 2933 sequacium
319 2852 400 2911 citer
428 2869 504 2912 acro
516 2895 530 2925 ,
558 2851 612 2928 qni
633 2858 737 2909 certae
762 2850 871 2910 talium
892 2851 1049 2913 boniinnni
1068 2856 1156 2931 porti
1184 2857 1337 2934 proprias

99 2950 151 3001 est.
199 2939 369 2999 Praeterea
392 2937 617 2997 discernendus
648 2944 695 2996 est
720 2954 799 2996 usas
822 2936 968 3014 loquendi
991 2941 1106 2999 cultior
1128 2958 1148 2999 α
1165 2941 1337 3019 populari;

98 3027 151 3086 itte
176 3026 280 3086 wenna
302 3021 404 3100 babet,
434 3022 489 3082 nbi
517 3039 620 3081 neres
642 3022 723 3080 inter
745 3038 839 3081 noces
862 3040 1028 3102 ecrnmqne
1048 3024 1171 3102 formas
1193 3035 1223 3086 et
1245 3026 1337 3085 ordi·

98 3131 175 3188 nem,
199 3119 230 3171 et
252 3111 336 3169 inter
354 3108 615 3186 siqnipieationes,
639 3124 747 3166 euram
768 3108 939 3168 relationes
970 3119 1000 3170 et
1020 3111 1130 3171 modos
1151 3111 1195 3171 ad
1214 3111 1338 3171 solidos

98 3198 223 3276 linquae
248 3197 331 3272 teqes
355 3202 463 3253 erecte
487 3193 679 3271 corapositns
702 3200 769 3265 cst;
799 3194 968 3271 popularis
990 3205 1093 3256 autem
1116 3206 1248 3257 occatur
1271 3196 1336 3272 ilie,

97 3302 188 3361 qnam
208 3283 243 3341 in
265 3281 333 3342 nita
355 3280 510 3340 cominnni
531 3277 679 3338 adhibent
701 3278 851 3353 tortines,
874 3280 928 3357 qni
958 3300 1022 3342 non
1044 3282 1128 3342 cinni
1150 3300 1219 3342 carn
1242 3300 1336 3344 senc·

95 3370 189 3430 ritate
210 3368 304 3461 iepes·
318 3367 401 3427 istas
422 3372 603 3443 sequantur.
647 3362 791 3444 Exempla
815 3368 941 3444 quaevis
963 3365 1066 3448 lingua
1088 3367 1270 3448 suppeditat.

677 3558 708 3628 ς.
730 3551 760 3616 4.

364 3664 404 3716 De
422 3662 570 3715 discrimine
588 3662 655 3715 inter
672 3664 887 3731 significationem
906 3673 932 3716 ct
950 3678 1063 3717 sensum.

202 3808 291 3875 Inter
319 3809 580 3888 siqnilicotionern
609 3816 788 3869 etsensim
812 3817 931 3870 tcntwn
960 3811 1126 3871 intercedit
1158 3809 1339 3889 discrimen,

98 3905 133 3961 ut
153 3901 226 3978 qais
250 3898 366 3977 optimc
388 3897 472 3955 scire
492 3895 599 3972 possit
616 3896 816 3973 sinqulcrcm
838 3912 950 3955 nocam
966 3897 1179 3974 siqnificntns,
1196 3900 1272 3975 quin
1284 3906 1338 3958 tc-

99 4004 167 4045 men
187 4002 318 4045 sensum
337 3984 440 4060 ipsam
462 3982 505 4041 sit
526 3990 702 4041 assecutus.
725 3980 921 4059 Siqnificctio
940 3983 1087 4041 nirnirnm
1110 4000 1173 4043 non
1196 3990 1253 4058 est,
1276 3984 1343 4044 nisi

100 4072 187 4131 notio
201 4087 279 4130 occe
295 4069 349 4128 oei
367 4067 507 4146 [ornanti
529 4066 562 4124 in
584 4084 619 4126 se
631 4067 835 4127 consideratii
857 4068 890 4125 oi
907 4086 986 4128 nens
1002 4068 1147 4146 loquendi
1165 4084 1322 4146 inpresso
1330 4089 1344 4144 ‚·

101 4173 215 4216 sensus
238 4163 344 4215 catena
366 4161 414 4215 est
435 4151 584 4229 capitatio
607 4160 664 4213 act
685 4154 784 4212 animi
800 4160 902 4213 neotus
924 4171 944 4213 a
969 4155 1109 4231 loquente
1123 4156 1344 4231 propositione

100 4242 152 4301 aet
172 4241 319 4301 oratione
341 4239 570 4316 manifestatas.
600 4268 637 4281 ·-
662 4237 746 4298 Haec
769 4243 958 4319 quantopere
982 4237 1130 4315 dillerant,
1163 4257 1180 4300 e
1204 4257 1343 4320 sequen-

100 4326 181 4389 tibus
205 4325 317 4386 clarius
340 4324 473 4404 patebit:

206 4412 234 4473 1.
256 4411 455 4489 Siqaificctio
474 4418 612 4484 nonest,
641 4411 707 4470 nisi
724 4409 951 4470 uocabulorum
972 4418 1002 4468 et
1013 4408 1241 4487 sorrnnlcrnnn
1268 4432 1346 4474 sen-

101 4517 157 4559 sns
176 4516 255 4559 oero
268 4496 525 4576 propositionem
548 4504 578 4555 et
600 4497 786 4556 oraticnem.
