2834 4896
490 764 904 875 PuusL

373 958 442 1036 De
474 984 639 1038 sensu
680 958 1028 1038 inveniendo.

550 1401 772 1503 §ectio
802 1405 857 1499 1.

243 1583 297 1654 De
323 1602 447 1655 sensus
474 1582 742 1674 investigatione
769 1605 833 1678 per
858 1605 956 1656 nsum
983 1583 1157 1678 loquendi.

587 1789 737 1885 Caput
773 1789 813 1870 Ι.

81 1924 128 1987 [ie
150 1936 209 1989 usu
238 1923 384 2009 loquendi
413 1927 444 1988 in
475 1942 612 2008 genere,
634 1932 666 1987 et
689 1925 728 1986 de
759 1925 851 1988 modo
875 1926 914 1988 ad
936 1932 1051 1989 certam
1073 1925 1142 2007 ejus
1166 1926 1317 2010 coguitio-

547 2029 617 2072 nem
647 2011 857 2093 perveniendi.

651 2204 680 2273 3.
702 2197 764 2262 2³1.¹

82 2339 213 2406 interpres
236 2351 310 2388 usum
336 2334 461 2404 iomeudi
478 2343 538 2388 unte
564 2338 650 2389 omnia
669 2339 791 2406 respiciat
807 2354 919 2393 necesse
937 2347 986 2404 est,
1005 2347 1032 2392 et
1049 2345 1104 2392 tuto
1119 2355 1183 2413 eum
1202 2343 1322 2411 sequitur.

172 2486 445 2583 Quemadmodum
477 2515 531 2596 qui
562 2524 660 2580 totum
689 2518 821 2599 aliquod
849 2521 909 2582 rite
941 2535 1132 2598 contemnere
1154 2517 1323 2591 deuastat,

84 2601 229 2682 sinquics
251 2607 321 2684 ejus
339 2616 452 2685 partes
471 2614 659 2683 perspectos
679 2603 801 2678 iubeat,
824 2624 952 2668 necesse
975 2615 1042 2668 est:
1064 2606 1110 2666 itu
1132 2611 1164 2665 et
1185 2603 1225 2665 de
1246 2620 1324 2666 orc-

86 2689 184 2751 tionis
206 2690 420 2772 cujuscunque
441 2709 538 2755 sensu
560 2691 777 2768 connascendo
798 2711 837 2753 ne
858 2711 962 2754 sermo
976 2691 1101 2770 quidem
1121 2708 1192 2751 esse
1212 2696 1324 2770 potest,

86 2775 152 2837 nisi
173 2773 370 2855 sinqulcrum
392 2782 462 2859 ejus
482 2780 633 2858 partium,
667 2778 687 2838 i.
718 2796 743 2838 e.
774 2795 895 2854 cocum,
928 2777 1104 2856 scansurum
1136 2783 1167 2837 et
1199 2775 1325 2855 formu-

90 2861 201 2937 larum,
224 2873 377 2941 qnatenus
399 2868 560 2928 notionum
582 2864 675 2941 siquo
697 2871 779 2938 sunt,
799 2872 944 2943 potestus
966 2865 1010 2925 sit
1031 2870 1115 2924 notu.
1149 2858 1226 2923 Cum
1250 2877 1324 2923 cero

88 2946 170 3007 itanc
191 2967 271 3010 usus
303 2950 450 3030 loquendi
484 2952 605 3023 doceat,
632 2956 729 3028 putet,
759 2947 891 3011 eundem
920 2950 1085 3029 interpreti
1115 2956 1188 3008 unte
1221 2948 1327 3009 omnio

89 3031 166 3094 bene
188 3036 438 3114 connascendum
471 3046 502 3098 et
527 3033 626 3113 probe
649 3037 882 3114 respiciendum
904 3053 991 3109 esse,
1015 3052 1077 3114 quo
1100 3034 1222 3095 &mum
1240 3033 1328 3112 facto

89 3127 194 3181 certus
216 3140 287 3183 esse
305 3130 420 3201 potest,
443 3132 561 3185 rectum
583 3130 740 3200 tutumque
755 3123 838 3182 oium
855 3122 1048 3201 sibipctere‚
1067 3136 1130 3200 quo
1151 3119 1196 3181 cd
1215 3119 1328 3199 coqui-

91 3206 207 3267 te'onem
229 3226 344 3269 sensus
367 3208 521 3289 loquentis
541 3209 717 3287 perueniat,
739 3215 844 3286 utpote
868 3209 921 3288 qui
943 3208 1022 3286 ipse,
1046 3207 1108 3267 etsi
1130 3203 1213 3273 (coli
1236 3210 1269 3279 §-
1291 3201 1329 3279 3)

90 3308 154 3352 uon
176 3292 332 3371 absoluta,
356 3293 554 3374 hypothetica
584 3302 686 3354 tumen
717 3292 887 3372 coqebutur
912 3294 1100 3354 necessitate
1122 3291 1167 3352 cd
1187 3309 1246 3353 ens
1267 3309 1327 3352 no-

92 3378 195 3438 tiones
228 3398 298 3440 cum
329 3381 472 3459 uocibus,
503 3379 616 3457 formis
649 3398 688 3440 uc
715 3379 862 3457 formulis
885 3381 956 3440 suis
976 3377 1223 3458 conjunqenrios,
1248 3394 1329 3458 quos

92 3460 152 3523 atta·
172 3481 292 3544 qnoque
323 3469 462 3546 ejusdem
492 3465 596 3545 qentis
624 3473 681 3527 aut
712 3466 828 3526 classis
856 3465 997 3527 iomanes
1025 3465 1140 3526 iisdem
1168 3463 1329 3543 subjicere

16 3566 22 3579 ·
89 3545 234 3610 solebant
255 3559 310 3613 aut
329 3555 437 3615 solent.

178 3631 329 3715 Objectio.
384 3639 462 3700 Usus
493 3636 639 3720 loquendi
670 3636 794 3718 linguae
828 3636 963 3718 cujusvis
998 3652 1148 3697 successu
1180 3633 1330 3717 temporis

91 3718 192 3781 varias
223 3720 304 3781 subit
336 3725 528 3800 mutationes,
561 3722 631 3786 dum
662 3723 712 3784 vel
742 3728 781 3799 a)
812 3721 897 3802 ipsae
920 3722 1065 3784 notiones
1085 3721 1246 3783 vocabulis
1270 3739 1332 3783 ex·

92 3822 220 3888 pressae
242 3805 440 3885 perficiuntur
448 3828 457 3889 3
480 3810 532 3870 vel
566 3810 601 3884 b)
624 3827 724 3871 novae
747 3826 841 3870 voces
865 3826 1028 3888 novaeque
1050 3807 1246 3887 pristinarum
1269 3824 1332 3868 vo-

92 3910 161 3954 cum
183 3891 425 3974 significationes
448 3894 632 3957 inducuntur
640 3917 649 3971 ;
673 3894 724 3956 vei
759 3894 892 3975 denique
915 3902 947 3970 c)
972 3900 1124 3955 certarum
1145 3910 1260 3955 vocum
1284 3892 1333 3955 si-

90 3977 252 4060 gnificatus
275 3979 358 4060 prius
381 3981 484 4042 usitati
507 3980 716 4058 obliterantur,
752 3986 783 4042 et
812 3981 843 4042 in
874 3980 980 4062 specie
1002 3978 1152 4041 vocabula
1177 3978 1224 4040 sic
1248 3978 1332 4040 dicta

90 4064 190 4127 media
222 4071 274 4128 ant
306 4066 388 4128 hono
418 4072 542 4144 tanturn,
577 4073 629 4128 aut
660 4067 758 4129 solum
790 4067 869 4129 malo
893 4065 1068 4149 significatu
1090 4065 1276 4127 adhibentur
1286 4062 1334 4138 *).

89 4149 243 4233 interpres
265 4151 369 4235 itaque
391 4171 454 4215 non
477 4159 542 4215 tuto
565 4154 654 4234 sequi
676 4159 777 4235 potest
796 4171 884 4215 usum
906 4152 1064 4235 loquendi,
1088 4152 1158 4234 quia
1181 4151 1232 4214 hic
1256 4169 1334 4215 sae-

123 4401 154 4464 ⁴)
179 4397 271 4459 „natta
290 4406 468 4459 renascentur,
488 4411 555 4463 quae
571 4396 625 4460 jann
646 4394 776 4453 cecidero,
796 4396 942 4462 cadentque

179 4465 252 4530 Quae
271 4482 340 4517 nuuc
358 4476 425 4529 snut,
445 4465 598 4517 vocabula.“
635 4463 720 4514 Horat.
740 4465 764 4514 in
784 4480 825 4530 ep.
844 4464 876 4514 ad
895 4463 1011 4514 Pisones.
