<?xml version="1.0" encoding="UTF-8"?>
<!DOCTYPE html PUBLIC "-//W3C//DTD XHTML 1.0 Transitional//EN"
    "http://www.w3.org/TR/xhtml1/DTD/xhtml1-transitional.dtd">
<html xmlns="http://www.w3.org/1999/xhtml" xml:lang="en" lang="en">
 <head>
  <title>
</title>
<meta http-equiv="Content-Type" content="text/html;charset=utf-8" />
  <meta name='ocr-system' content='tesseract 3.04.00' />
  <meta name='ocr-capabilities' content='ocr_page ocr_carea ocr_par ocr_line ocrx_word'/>
</head>
<body>
  <div class='ocr_page' id='page_1' title='image "./hermeneuticabib00gngoog_0195.png"; bbox 0 0 2834 4896; ppageno 0'>
   <div class='ocr_carea' id='block_1_1' title="bbox 101 186 164 270">
    <p class='ocr_par' dir='ltr' id='par_1_1' title="bbox 101 186 164 270">
     <span class='ocr_line' id='line_1_1' title="bbox 101 186 164 270; baseline 0 0"><span class='ocrx_word' id='word_1_1' title='bbox 101 186 164 270; x_wconf 81' lang='lat' dir='ltr'>uro</span> 
     </span>
    </p>
   </div>
   <div class='ocr_carea' id='block_1_2' title="bbox 3 367 1370 4326">
    <p class='ocr_par' dir='ltr' id='par_1_2' title="bbox 93 367 1339 1231">
     <span class='ocr_line' id='line_1_2' title="bbox 97 367 1338 455; baseline -0.003 -16"><span class='ocrx_word' id='word_1_2' title='bbox 97 375 211 440; x_wconf 85' lang='lat' dir='ltr'>dietum</span> <span class='ocrx_word' id='word_1_3' title='bbox 242 378 325 450; x_wconf 87' lang='lat' dir='ltr'>erat,</span> <span class='ocrx_word' id='word_1_4' title='bbox 358 370 540 437; x_wconf 73' lang='lat' dir='ltr'><strong>moderante</strong></span> <span class='ocrx_word' id='word_1_5' title='bbox 569 367 682 453; x_wconf 85' lang='lat' dir='ltr'>sptrnu</span> <span class='ocrx_word' id='word_1_6' title='bbox 704 387 729 435; x_wconf 83' lang='lat' dir='ltr'>e.</span> <span class='ocrx_word' id='word_1_7' title='bbox 751 368 902 454; x_wconf 85' lang='lat' dir='ltr'>ejusmodi</span> <span class='ocrx_word' id='word_1_8' title='bbox 933 371 1036 439; x_wconf 80' lang='lat' dir='ltr'>verbis</span> <span class='ocrx_word' id='word_1_9' title='bbox 1068 390 1141 438; x_wconf 91' lang='lat' dir='ltr'>esse</span> <span class='ocrx_word' id='word_1_10' title='bbox 1175 367 1338 455; x_wconf 88' lang='lat' dir='ltr'>prolatum,</span> 
     </span>
     <span class='ocr_line' id='line_1_3' title="bbox 98 457 1339 543; baseline -0.006 -16"><span class='ocrx_word' id='word_1_11' title='bbox 98 469 131 527; x_wconf 87' lang='lat' dir='ltr'>ut</span> <span class='ocrx_word' id='word_1_12' title='bbox 153 461 243 527; x_wconf 90' lang='lat' dir='ltr'>simul</span> <span class='ocrx_word' id='word_1_13' title='bbox 265 460 425 543; x_wconf 77' lang='lat' dir='ltr'>prophetia</span> <span class='ocrx_word' id='word_1_14' title='bbox 447 460 498 538; x_wconf 90' lang='lat' dir='ltr'>sit,</span> <span class='ocrx_word' id='word_1_15' title='bbox 521 457 552 521; x_wconf 91' lang='lat' dir='ltr'>in</span> <span class='ocrx_word' id='word_1_16' title='bbox 573 457 745 521; x_wconf 89' lang='lat' dir='ltr'>bominibus</span> <span class='ocrx_word' id='word_1_17' title='bbox 769 457 876 522; x_wconf 84' lang='lat' dir='ltr'>tuturis</span> <span class='ocrx_word' id='word_1_18' title='bbox 899 459 1008 525; x_wconf 90' lang='lat' dir='ltr'>iisdem</span> <span class='ocrx_word' id='word_1_19' title='bbox 1029 461 1062 524; x_wconf 89' lang='lat' dir='ltr'>in</span> <span class='ocrx_word' id='word_1_20' title='bbox 1084 461 1238 542; x_wconf 85' lang='lat' dir='ltr'>adjunctis</span> <span class='ocrx_word' id='word_1_21' title='bbox 1262 477 1339 521; x_wconf 85' lang='lat' dir='ltr'>ver·</span> 
     </span>
     <span class='ocr_line' id='line_1_4' title="bbox 96 544 1337 630; baseline -0.002 -19"><span class='ocrx_word' id='word_1_22' title='bbox 96 548 252 627; x_wconf 81' lang='lat' dir='ltr'>sentibus,</span> <span class='ocrx_word' id='word_1_23' title='bbox 285 548 337 611; x_wconf 81' lang='lat' dir='ltr'>ael</span> <span class='ocrx_word' id='word_1_24' title='bbox 368 563 463 611; x_wconf 89' lang='lat' dir='ltr'>sensu</span> <span class='ocrx_word' id='word_1_25' title='bbox 496 544 690 608; x_wconf 79' lang='lat' dir='ltr'>eminentiori</span> <span class='ocrx_word' id='word_1_26' title='bbox 719 545 750 606; x_wconf 94' lang='lat' dir='ltr'>in</span> <span class='ocrx_word' id='word_1_27' title='bbox 772 544 867 608; x_wconf 89' lang='lat' dir='ltr'>blesia</span> <span class='ocrx_word' id='word_1_28' title='bbox 897 545 1087 630; x_wconf 87' lang='lat' dir='ltr'>adimplenda</span> <span class='ocrx_word' id='word_1_29' title='bbox 1111 547 1177 622; x_wconf 89' lang='lat' dir='ltr'>(blt.</span> <span class='ocrx_word' id='word_1_30' title='bbox 1203 548 1233 622; x_wconf 87' lang='lat'>5,</span> <span class='ocrx_word' id='word_1_31' title='bbox 1263 544 1337 621; x_wconf 66' lang='lat' dir='ltr'>th).</span> 
     </span>
     <span class='ocr_line' id='line_1_5' title="bbox 95 628 1339 731; baseline -0.002 -35"><span class='ocrx_word' id='word_1_32' title='bbox 95 633 162 697; x_wconf 90' lang='lat' dir='ltr'>lloc</span> <span class='ocrx_word' id='word_1_33' title='bbox 185 633 276 696; x_wconf 93' lang='lat' dir='ltr'>modo</span> <span class='ocrx_word' id='word_1_34' title='bbox 299 649 325 696; x_wconf 87' lang='lat' dir='ltr'>s.</span> <span class='ocrx_word' id='word_1_35' title='bbox 347 633 484 696; x_wconf 82' lang='lat' dir='ltr'>loannes</span> <span class='ocrx_word' id='word_1_36' title='bbox 499 629 550 709; x_wconf 92' lang='grc'><strong>11,</strong></span> <span class='ocrx_word' id='word_1_37' title='bbox 566 630 616 692; x_wconf 88' lang='grc'>51.</span> <span class='ocrx_word' id='word_1_38' title='bbox 639 628 775 711; x_wconf 85' lang='lat' dir='ltr'>Ka&#39;iphae</span> <span class='ocrx_word' id='word_1_39' title='bbox 796 630 984 731; x_wconf 76' lang='lat' dir='ltr'>prophetiam</span> <span class='ocrx_word' id='word_1_40' title='bbox 1007 634 1129 707; x_wconf 79' lang='lat' dir='ltr'>tribuit3</span> <span class='ocrx_word' id='word_1_41' title='bbox 1151 632 1224 697; x_wconf 90' lang='lat' dir='ltr'>inde</span> <span class='ocrx_word' id='word_1_42' title='bbox 1250 632 1339 694; x_wconf 90' lang='lat' dir='ltr'>etiam</span> 
     </span>
     <span class='ocr_line' id='line_1_6' title="bbox 95 715 1337 888; baseline -0.001 -20"><span class='ocrx_word' id='word_1_43' title='bbox 95 715 1337 888; x_wconf 53' lang='grc' dir='ltr'>ἓ911ἓὲ“ῐ.’,.9919199191111191111511991</span> 
     </span>
     <span class='ocr_line' id='line_1_7' title="bbox 93 886 1337 973; baseline -0.002 -20"><span class='ocrx_word' id='word_1_44' title='bbox 93 890 279 955; x_wconf 82' lang='lat' dir='ltr'>individuam</span> <span class='ocrx_word' id='word_1_45' title='bbox 314 891 480 973; x_wconf 79' lang='lat' dir='ltr'>conjugum</span> <span class='ocrx_word' id='word_1_46' title='bbox 512 888 658 951; x_wconf 90' lang='lat' dir='ltr'>unionem</span> <span class='ocrx_word' id='word_1_47' title='bbox 686 886 746 950; x_wconf 89' lang='lat' dir='ltr'>illis</span> <span class='ocrx_word' id='word_1_48' title='bbox 778 888 939 954; x_wconf 86' lang='lat' dir='ltr'>Geneseos</span> <span class='ocrx_word' id='word_1_49' title='bbox 971 893 1076 954; x_wconf 76' lang='lat' dir='ltr'>verbis</span> <span class='ocrx_word' id='word_1_50' title='bbox 1109 892 1337 972; x_wconf 87' lang='lat' dir='ltr'>pronuntiatam</span> 
     </span>
     <span class='ocr_line' id='line_1_8' title="bbox 93 970 1336 1060; baseline 0 -22"><span class='ocrx_word' id='word_1_51' title='bbox 93 994 236 1060; x_wconf 81' lang='lat' dir='ltr'>magnum</span> <span class='ocrx_word' id='word_1_52' title='bbox 278 981 501 1040; x_wconf 85' lang='lat' dir='ltr'>sacramentum</span> <span class='ocrx_word' id='word_1_53' title='bbox 534 970 631 1036; x_wconf 90' lang='lat' dir='ltr'>relate</span> <span class='ocrx_word' id='word_1_54' title='bbox 666 973 705 1036; x_wconf 86' lang='lat' dir='ltr'>ad</span> <span class='ocrx_word' id='word_1_55' title='bbox 740 973 892 1038; x_wconf 82' lang='lat' dir='ltr'>Christum</span> <span class='ocrx_word' id='word_1_56' title='bbox 927 983 959 1040; x_wconf 89' lang='lat' dir='ltr'>et</span> <span class='ocrx_word' id='word_1_57' title='bbox 992 977 1158 1041; x_wconf 88' lang='lat' dir='ltr'>ecelesiam</span> <span class='ocrx_word' id='word_1_58' title='bbox 1194 976 1336 1060; x_wconf 89' lang='lat' dir='ltr'>appellet.</span> 
     </span>
     <span class='ocr_line' id='line_1_9' title="bbox 95 1058 1336 1145; baseline 0.001 -21"><span class='ocrx_word' id='word_1_59' title='bbox 95 1063 197 1136; x_wconf 80' lang='lat' dir='ltr'><strong>Quare</strong></span> <span class='ocrx_word' id='word_1_60' title='bbox 227 1063 258 1125; x_wconf 94' lang='lat' dir='ltr'>in</span> <span class='ocrx_word' id='word_1_61' title='bbox 286 1061 456 1143; x_wconf 82' lang='lat' dir='ltr'>prophetiis</span> <span class='ocrx_word' id='word_1_62' title='bbox 489 1058 648 1122; x_wconf 89' lang='lat' dir='ltr'>indireetis</span> <span class='ocrx_word' id='word_1_63' title='bbox 682 1076 794 1123; x_wconf 89' lang='lat' dir='ltr'>sensus</span> <span class='ocrx_word' id='word_1_64' title='bbox 828 1061 1013 1142; x_wconf 89' lang='lat' dir='ltr'>spiritualis,</span> <span class='ocrx_word' id='word_1_65' title='bbox 1047 1063 1209 1127; x_wconf 82' lang='lat' dir='ltr'>sublimior</span> <span class='ocrx_word' id='word_1_66' title='bbox 1241 1063 1336 1145; x_wconf 89' lang='lat' dir='ltr'>probe</span> 
     </span>
     <span class='ocr_line' id='line_1_10' title="bbox 94 1147 613 1231; baseline -0.01 -20"><span class='ocrx_word' id='word_1_67' title='bbox 94 1148 328 1231; x_wconf 78' lang='lat' dir='ltr'>distinguendus</span> <span class='ocrx_word' id='word_1_68' title='bbox 351 1154 399 1211; x_wconf 87' lang='lat' dir='ltr'>est</span> <span class='ocrx_word' id='word_1_69' title='bbox 421 1165 438 1208; x_wconf 92' lang='lat' dir='ltr'>a</span> <span class='ocrx_word' id='word_1_70' title='bbox 460 1147 613 1228; x_wconf 85' lang='lat' dir='ltr'>proximo.</span> 
     </span>
    </p>

    <p class='ocr_par' dir='ltr' id='par_1_3' title="bbox 95 1232 1336 1388">
     <span class='ocr_line' id='line_1_11' title="bbox 101 1232 1336 1316; baseline 0.001 -20"><span class='ocrx_word' id='word_1_71' title='bbox 101 1268 104 1273; x_wconf 94' lang='lat'>·</span> <span class='ocrx_word' id='word_1_72' title='bbox 179 1235 210 1297; x_wconf 76' lang='grc'>4.</span> <span class='ocrx_word' id='word_1_73' title='bbox 232 1234 285 1297; x_wconf 81' lang='lat' dir='ltr'>Ad</span> <span class='ocrx_word' id='word_1_74' title='bbox 304 1232 679 1315; x_wconf 83' lang='lat' dir='ltr'>prophetiee,praecipnc</span> <span class='ocrx_word' id='word_1_75' title='bbox 701 1232 880 1294; x_wconf 75' lang='lat' dir='ltr'>marianae</span> <span class='ocrx_word' id='word_1_76' title='bbox 901 1236 1039 1313; x_wconf 81' lang='lat' dir='ltr'>speeiem</span> <span class='ocrx_word' id='word_1_77' title='bbox 1058 1237 1196 1316; x_wconf 81' lang='lat' dir='ltr'>sinpulis</span> <span class='ocrx_word' id='word_1_78' title='bbox 1209 1235 1245 1297; x_wconf 85' lang='lat' dir='ltr'>in</span> <span class='ocrx_word' id='word_1_79' title='bbox 1261 1236 1336 1298; x_wconf 84' lang='lat' dir='ltr'>looir</span> 
     </span>
     <span class='ocr_line' id='line_1_12' title="bbox 95 1317 1181 1388; baseline 0.004 -5"><span class='ocrx_word' id='word_1_80' title='bbox 95 1320 364 1384; x_wconf 76' lang='lat' dir='ltr'>determinandam</span> <span class='ocrx_word' id='word_1_81' title='bbox 386 1319 580 1382; x_wconf 84' lang='lat' dir='ltr'>cansnlenda</span> <span class='ocrx_word' id='word_1_82' title='bbox 602 1325 677 1378; x_wconf 85' lang='lat' dir='ltr'>sant</span> <span class='ocrx_word' id='word_1_83' title='bbox 698 1317 818 1379; x_wconf 84' lang='lat' dir='ltr'>indicia</span> <span class='ocrx_word' id='word_1_84' title='bbox 840 1320 966 1382; x_wconf 84' lang='lat' dir='ltr'>interna</span> <span class='ocrx_word' id='word_1_85' title='bbox 988 1330 1019 1383; x_wconf 91' lang='lat' dir='ltr'>et</span> <span class='ocrx_word' id='word_1_86' title='bbox 1039 1331 1181 1388; x_wconf 82' lang='lat' dir='ltr'>caterno.</span> 
     </span>
    </p>

    <p class='ocr_par' dir='ltr' id='par_1_4' title="bbox 3 1400 1370 3458">
     <span class='ocr_line' id='line_1_13' title="bbox 180 1400 1334 1488; baseline 0 -20"><span class='ocrx_word' id='word_1_87' title='bbox 180 1410 221 1482; x_wconf 83' lang='lat' dir='ltr'>a)</span> <span class='ocrx_word' id='word_1_88' title='bbox 242 1404 368 1467; x_wconf 83' lang='lat' dir='ltr'>Indicia</span> <span class='ocrx_word' id='word_1_89' title='bbox 402 1407 529 1465; x_wconf 82' lang='lat' dir='ltr'>interna</span> <span class='ocrx_word' id='word_1_90' title='bbox 564 1403 746 1482; x_wconf 84' lang='lat' dir='ltr'>sappeditat</span> <span class='ocrx_word' id='word_1_91' title='bbox 777 1406 911 1466; x_wconf 86' lang='lat' dir='ltr'>materia</span> <span class='ocrx_word' id='word_1_92' title='bbox 946 1400 1109 1471; x_wconf 80' lang='lat' dir='ltr'>substrata</span> <span class='ocrx_word' id='word_1_93' title='bbox 1139 1409 1246 1488; x_wconf 79' lang='lat' dir='ltr'>ipsias</span> <span class='ocrx_word' id='word_1_94' title='bbox 1277 1406 1334 1468; x_wconf 87' lang='lat' dir='ltr'>loci</span> 
     </span>
     <span class='ocr_line' id='line_1_14' title="bbox 92 1490 1335 1575; baseline 0.001 -23"><span class='ocrx_word' id='word_1_95' title='bbox 92 1492 271 1575; x_wconf 73' lang='lat' dir='ltr'>prophetici</span> <span class='ocrx_word' id='word_1_96' title='bbox 293 1493 327 1551; x_wconf 86' lang='lat' dir='ltr'>in</span> <span class='ocrx_word' id='word_1_97' title='bbox 349 1497 495 1552; x_wconf 76' lang='lat' dir='ltr'>contecto</span> <span class='ocrx_word' id='word_1_98' title='bbox 516 1507 575 1551; x_wconf 85' lang='lat' dir='ltr'>sao</span> <span class='ocrx_word' id='word_1_99' title='bbox 596 1497 629 1550; x_wconf 87' lang='lat' dir='ltr'>et</span> <span class='ocrx_word' id='word_1_100' title='bbox 650 1508 667 1550; x_wconf 93' lang='lat' dir='ltr'>e</span> <span class='ocrx_word' id='word_1_101' title='bbox 690 1490 844 1570; x_wconf 76' lang='lat' dir='ltr'>loquentis</span> <span class='ocrx_word' id='word_1_102' title='bbox 873 1492 1007 1553; x_wconf 78' lang='lat' dir='ltr'>corrsilia</span> <span class='ocrx_word' id='word_1_103' title='bbox 1036 1496 1181 1575; x_wconf 79' lang='lat' dir='ltr'>spectati.</span> <span class='ocrx_word' id='word_1_104' title='bbox 1225 1493 1263 1554; x_wconf 82' lang='lat' dir='ltr'>Si</span> <span class='ocrx_word' id='word_1_105' title='bbox 1283 1495 1335 1554; x_wconf 84' lang='lat' dir='ltr'>ni-</span> 
     </span>
     <span class='ocr_line' id='line_1_15' title="bbox 94 1575 1332 1659; baseline 0.002 -21"><span class='ocrx_word' id='word_1_106' title='bbox 94 1578 207 1639; x_wconf 82' lang='lat' dir='ltr'>rni&#39;rnrn</span> <span class='ocrx_word' id='word_1_107' title='bbox 239 1577 366 1639; x_wconf 81' lang='lat' dir='ltr'>cuidant</span> <span class='ocrx_word' id='word_1_108' title='bbox 396 1576 475 1639; x_wconf 82' lang='lat' dir='ltr'>talia</span> <span class='ocrx_word' id='word_1_109' title='bbox 505 1575 688 1637; x_wconf 83' lang='lat' dir='ltr'>tribuuntur</span> <span class='ocrx_word' id='word_1_110' title='bbox 716 1577 921 1654; x_wconf 87' lang='lat' dir='ltr'>praedicato,</span> <span class='ocrx_word' id='word_1_111' title='bbox 955 1594 1035 1657; x_wconf 85' lang='lat' dir='ltr'>qnae</span> <span class='ocrx_word' id='word_1_112' title='bbox 1065 1580 1146 1642; x_wconf 82' lang='lat' dir='ltr'>nolli</span> <span class='ocrx_word' id='word_1_113' title='bbox 1175 1598 1332 1659; x_wconf 84' lang='lat' dir='ltr'>personae</span> 
     </span>
     <span class='ocr_line' id='line_1_16' title="bbox 94 1661 1336 1746; baseline 0.002 -22"><span class='ocrx_word' id='word_1_114' title='bbox 94 1663 284 1739; x_wconf 66' lang='lat' dir='ltr'>historicae,</span> <span class='ocrx_word' id='word_1_115' title='bbox 317 1663 382 1724; x_wconf 83' lang='lat' dir='ltr'>nisi</span> <span class='ocrx_word' id='word_1_116' title='bbox 406 1661 532 1724; x_wconf 80' lang='lat' dir='ltr'>Christo</span> <span class='ocrx_word' id='word_1_117' title='bbox 563 1663 653 1740; x_wconf 82' lang='lat' dir='ltr'>cipue</span> <span class='ocrx_word' id='word_1_118' title='bbox 688 1663 829 1741; x_wconf 84' lang='lat' dir='ltr'>apprime</span> <span class='ocrx_word' id='word_1_119' title='bbox 863 1664 1067 1745; x_wconf 79' lang='lat' dir='ltr'>eonoenr&#39;ant,</span> <span class='ocrx_word' id='word_1_120' title='bbox 1097 1665 1270 1746; x_wconf 74' lang='lat' dir='ltr'>prophetia</span> <span class='ocrx_word' id='word_1_121' title='bbox 1291 1672 1336 1727; x_wconf 87' lang='lat' dir='ltr'>eat</span> 
     </span>
     <span class='ocr_line' id='line_1_17' title="bbox 92 1749 1335 1832; baseline 0.002 -24"><span class='ocrx_word' id='word_1_122' title='bbox 92 1749 294 1822; x_wconf 85' lang='lat' dir='ltr'>immediata;</span> <span class='ocrx_word' id='word_1_123' title='bbox 326 1749 440 1828; x_wconf 80' lang='lat' dir='ltr'>quodsi</span> <span class='ocrx_word' id='word_1_124' title='bbox 470 1764 556 1823; x_wconf 86' lang='lat' dir='ltr'>aero,</span> <span class='ocrx_word' id='word_1_125' title='bbox 580 1764 659 1826; x_wconf 79' lang='lat' dir='ltr'>qaae</span> <span class='ocrx_word' id='word_1_126' title='bbox 682 1749 902 1826; x_wconf 75' lang='lat' dir='ltr'>enuntiantur,</span> <span class='ocrx_word' id='word_1_127' title='bbox 925 1757 982 1811; x_wconf 83' lang='lat' dir='ltr'>ant</span> <span class='ocrx_word' id='word_1_128' title='bbox 995 1753 1066 1831; x_wconf 76' lang='lat' dir='ltr'>jam</span> <span class='ocrx_word' id='word_1_129' title='bbox 1088 1755 1121 1815; x_wconf 85' lang='lat' dir='ltr'>in</span> <span class='ocrx_word' id='word_1_130' title='bbox 1141 1754 1258 1832; x_wconf 74' lang='lat' dir='ltr'>pipare,</span> <span class='ocrx_word' id='word_1_131' title='bbox 1282 1758 1335 1813; x_wconf 84' lang='lat' dir='ltr'>ortt</span> 
     </span>
     <span class='ocr_line' id='line_1_18' title="bbox 92 1832 1333 1918; baseline 0.002 -23"><span class='ocrx_word' id='word_1_132' title='bbox 92 1851 127 1895; x_wconf 84' lang='lat' dir='ltr'>re</span> <span class='ocrx_word' id='word_1_133' title='bbox 149 1836 231 1914; x_wconf 81' lang='lat' dir='ltr'>ipsa,</span> <span class='ocrx_word' id='word_1_134' title='bbox 249 1841 308 1895; x_wconf 83' lang='lat' dir='ltr'>aot</span> <span class='ocrx_word' id='word_1_135' title='bbox 326 1833 504 1914; x_wconf 74' lang='lat' dir='ltr'>imperfecte</span> <span class='ocrx_word' id='word_1_136' title='bbox 528 1833 629 1894; x_wconf 84' lang='lat' dir='ltr'>locum</span> <span class='ocrx_word' id='word_1_137' title='bbox 651 1832 937 1911; x_wconf 76' lang='lat' dir='ltr'>babuerunt,adest</span> <span class='ocrx_word' id='word_1_138' title='bbox 954 1839 1122 1918; x_wconf 84' lang='lat' dir='ltr'>prophetia</span> <span class='ocrx_word' id='word_1_139' title='bbox 1144 1839 1197 1899; x_wconf 87' lang='lat' dir='ltr'>oei</span> <span class='ocrx_word' id='word_1_140' title='bbox 1218 1839 1333 1918; x_wconf 80' lang='lat' dir='ltr'>typica,</span> 
     </span>
     <span class='ocr_line' id='line_1_19' title="bbox 3 1915 1334 2002; baseline 0.004 -22"><span class='ocrx_word' id='word_1_141' title='bbox 3 1952 10 1967; x_wconf 60' lang='grc' dir='ltr'>ι</span> <span class='ocrx_word' id='word_1_142' title='bbox 91 1919 145 1981; x_wconf 86' lang='lat' dir='ltr'>oel</span> <span class='ocrx_word' id='word_1_143' title='bbox 163 1921 356 1992; x_wconf 72' lang='lat' dir='ltr'>coadunata,</span> <span class='ocrx_word' id='word_1_144' title='bbox 387 1921 439 1982; x_wconf 86' lang='lat' dir='ltr'>eet</span> <span class='ocrx_word' id='word_1_145' title='bbox 468 1915 663 1998; x_wconf 82' lang='lat' dir='ltr'>completiva.</span> <span class='ocrx_word' id='word_1_146' title='bbox 707 1918 759 1982; x_wconf 87' lang='lat' dir='ltr'>Sio</span> <span class='ocrx_word' id='word_1_147' title='bbox 779 1937 808 1982; x_wconf 79' lang='lat' dir='ltr'>v.</span> <span class='ocrx_word' id='word_1_148' title='bbox 832 1936 863 2002; x_wconf 76' lang='lat' dir='ltr'>g.</span> <span class='ocrx_word' id='word_1_149' title='bbox 886 1919 1036 1986; x_wconf 89' lang='lat' dir='ltr'>Psalmum</span> <span class='ocrx_word' id='word_1_150' title='bbox 1066 1923 1239 1986; x_wconf 91' lang='lat' dir='ltr'>seeundum</span> <span class='ocrx_word' id='word_1_151' title='bbox 1261 1940 1334 1985; x_wconf 88' lang='lat' dir='ltr'>vere</span> 
     </span>
     <span class='ocr_line' id='line_1_20' title="bbox 95 2002 1333 2086; baseline 0.005 -21"><span class='ocrx_word' id='word_1_152' title='bbox 95 2021 168 2066; x_wconf 88' lang='lat' dir='ltr'>esse</span> <span class='ocrx_word' id='word_1_153' title='bbox 200 2005 405 2082; x_wconf 82' lang='lat' dir='ltr'>messianum,</span> <span class='ocrx_word' id='word_1_154' title='bbox 429 2011 461 2066; x_wconf 90' lang='lat' dir='ltr'>et</span> <span class='ocrx_word' id='word_1_155' title='bbox 482 2003 612 2086; x_wconf 88' lang='lat' dir='ltr'>proinde</span> <span class='ocrx_word' id='word_1_156' title='bbox 645 2004 713 2064; x_wconf 89' lang='lat' dir='ltr'>loca</span> <span class='ocrx_word' id='word_1_157' title='bbox 743 2005 774 2065; x_wconf 94' lang='lat' dir='ltr'>in</span> <span class='ocrx_word' id='word_1_158' title='bbox 797 2002 830 2067; x_wconf 87' lang='lat' dir='ltr'>N.</span> <span class='ocrx_word' id='word_1_159' title='bbox 853 2005 887 2067; x_wconf 85' lang='grc' dir='ltr'>Τ.</span> <span class='ocrx_word' id='word_1_160' title='bbox 909 2004 983 2068; x_wconf 91' lang='lat' dir='ltr'>inde</span> <span class='ocrx_word' id='word_1_161' title='bbox 1005 2011 1095 2072; x_wconf 89' lang='lat' dir='ltr'>citata</span> <span class='ocrx_word' id='word_1_162' title='bbox 1110 2010 1147 2084; x_wconf 77' lang='lat' dir='ltr'>*J</span> <span class='ocrx_word' id='word_1_163' title='bbox 1171 2008 1333 2072; x_wconf 91' lang='lat' dir='ltr'>immedia-</span> 
     </span>
     <span class='ocr_line' id='line_1_21' title="bbox 94 2089 1352 2177; baseline 0.002 -24"><span class='ocrx_word' id='word_1_164' title='bbox 94 2097 155 2153; x_wconf 88' lang='lat' dir='ltr'>tam</span> <span class='ocrx_word' id='word_1_165' title='bbox 183 2108 241 2153; x_wconf 88' lang='lat' dir='ltr'>seu</span> <span class='ocrx_word' id='word_1_166' title='bbox 272 2090 419 2153; x_wconf 87' lang='lat' dir='ltr'>directam</span> <span class='ocrx_word' id='word_1_167' title='bbox 449 2092 608 2153; x_wconf 82' lang='lat' dir='ltr'>inlesum</span> <span class='ocrx_word' id='word_1_168' title='bbox 631 2089 783 2152; x_wconf 85' lang='lat' dir='ltr'>Christum</span> <span class='ocrx_word' id='word_1_169' title='bbox 817 2091 976 2153; x_wconf 87' lang='lat' dir='ltr'>continere</span> <span class='ocrx_word' id='word_1_170' title='bbox 1009 2096 1211 2177; x_wconf 80' lang='lat' dir='ltr'>prophetiam,</span> <span class='ocrx_word' id='word_1_171' title='bbox 1237 2096 1352 2158; x_wconf 87' lang='lat' dir='ltr'>omnis-</span> 
     </span>
     <span class='ocr_line' id='line_1_22' title="bbox 94 2174 1332 2269; baseline 0.003 -30"><span class='ocrx_word' id='word_1_172' title='bbox 94 2176 223 2241; x_wconf 84' lang='lat' dir='ltr'>maten&#39;a&#39;</span> <span class='ocrx_word' id='word_1_173' title='bbox 243 2176 398 2269; x_wconf 74' lang='lat' dir='ltr'>substrata</span> <span class='ocrx_word' id='word_1_174' title='bbox 421 2176 532 2254; x_wconf 88' lang='lat' dir='ltr'>dooet;</span> <span class='ocrx_word' id='word_1_175' title='bbox 565 2194 635 2237; x_wconf 89' lang='lat' dir='ltr'>nam</span> <span class='ocrx_word' id='word_1_176' title='bbox 658 2194 737 2257; x_wconf 88' lang='lat' dir='ltr'>quae</span> <span class='ocrx_word' id='word_1_177' title='bbox 761 2176 799 2239; x_wconf 89' lang='lat' dir='ltr'>de</span> <span class='ocrx_word' id='word_1_178' title='bbox 822 2174 945 2239; x_wconf 81' lang='lat' dir='ltr'>fremitu</span> <span class='ocrx_word' id='word_1_179' title='bbox 974 2183 1126 2264; x_wconf 83' lang='lat' dir='ltr'>gentium,</span> <span class='ocrx_word' id='word_1_180' title='bbox 1149 2181 1189 2242; x_wconf 93' lang='lat' dir='ltr'>de</span> <span class='ocrx_word' id='word_1_181' title='bbox 1213 2182 1332 2262; x_wconf 89' lang='lat' dir='ltr'>populis</span> 
     </span>
     <span class='ocr_line' id='line_1_23' title="bbox 91 2261 1332 2346; baseline 0.004 -23"><span class='ocrx_word' id='word_1_182' title='bbox 91 2280 169 2325; x_wconf 84' lang='lat' dir='ltr'>vana</span> <span class='ocrx_word' id='word_1_183' title='bbox 192 2261 423 2341; x_wconf 88' lang='lat' dir='ltr'>meditantibus,</span> <span class='ocrx_word' id='word_1_184' title='bbox 462 2263 501 2326; x_wconf 93' lang='lat' dir='ltr'>de</span> <span class='ocrx_word' id='word_1_185' title='bbox 531 2262 701 2325; x_wconf 91' lang='lat' dir='ltr'>rebellione</span> <span class='ocrx_word' id='word_1_186' title='bbox 735 2280 843 2345; x_wconf 77' lang='lat' dir='ltr'>regrum</span> <span class='ocrx_word' id='word_1_187' title='bbox 879 2269 1000 2346; x_wconf 90' lang='lat' dir='ltr'>terrae,</span> <span class='ocrx_word' id='word_1_188' title='bbox 1035 2268 1074 2331; x_wconf 90' lang='lat' dir='ltr'>de</span> <span class='ocrx_word' id='word_1_189' title='bbox 1104 2268 1332 2330; x_wconf 88' lang='lat' dir='ltr'>consultatione</span> 
     </span>
     <span class='ocr_line' id='line_1_24' title="bbox 27 2346 1370 2437; baseline 0.003 -28"><span class='ocrx_word' id='word_1_190' title='bbox 27 2426 30 2431; x_wconf 25' lang='grc' dir='ltr'>Ι</span> <span class='ocrx_word' id='word_1_191' title='bbox 90 2346 259 2429; x_wconf 88' lang='lat' dir='ltr'>principum</span> <span class='ocrx_word' id='word_1_192' title='bbox 282 2349 430 2412; x_wconf 88' lang='lat' dir='ltr'>adversus</span> <span class='ocrx_word' id='word_1_193' title='bbox 444 2348 592 2411; x_wconf 90' lang='lat' dir='ltr'>Jehovam</span> <span class='ocrx_word' id='word_1_194' title='bbox 615 2354 646 2409; x_wconf 89' lang='lat' dir='ltr'>et</span> <span class='ocrx_word' id='word_1_195' title='bbox 667 2347 795 2411; x_wconf 91' lang='lat' dir='ltr'>Unctum</span> <span class='ocrx_word' id='word_1_196' title='bbox 819 2349 897 2428; x_wconf 88' lang='lat' dir='ltr'>ejus,</span> <span class='ocrx_word' id='word_1_197' title='bbox 920 2348 959 2411; x_wconf 89' lang='lat' dir='ltr'>de</span> <span class='ocrx_word' id='word_1_198' title='bbox 982 2361 1094 2416; x_wconf 87' lang='lat' dir='ltr'>conatu</span> <span class='ocrx_word' id='word_1_199' title='bbox 1117 2353 1332 2437; x_wconf 80' lang='lat' dir='ltr'>confringendi</span> <span class='ocrx_word' id='word_1_200' title='bbox 1365 2394 1370 2413; x_wconf 85' lang='lat'><strong>.</strong></span> 
     </span>
     <span class='ocr_line' id='line_1_25' title="bbox 90 2433 1331 2523; baseline 0.006 -27"><span class='ocrx_word' id='word_1_201' title='bbox 90 2433 210 2497; x_wconf 72' lang='lat' dir='ltr'>dnoula</span> <span class='ocrx_word' id='word_1_202' title='bbox 245 2452 351 2509; x_wconf 80' lang='lat' dir='ltr'>eorum</span> <span class='ocrx_word' id='word_1_203' title='bbox 381 2442 412 2498; x_wconf 91' lang='lat' dir='ltr'>et</span> <span class='ocrx_word' id='word_1_204' title='bbox 434 2433 597 2517; x_wconf 89' lang='lat' dir='ltr'>abjiciendi</span> <span class='ocrx_word' id='word_1_205' title='bbox 626 2435 736 2516; x_wconf 84' lang='lat' dir='ltr'>jugum</span> <span class='ocrx_word' id='word_1_206' title='bbox 772 2435 909 2515; x_wconf 91' lang='lat' dir='ltr'>ipsorum</span> <span class='ocrx_word' id='word_1_207' title='bbox 939 2455 968 2500; x_wconf 90' lang='lat' dir='ltr'>v.</span> <span class='ocrx_word' id='word_1_208' title='bbox 1000 2440 1028 2502; x_wconf 92' lang='grc'>1.</span> <span class='ocrx_word' id='word_1_209' title='bbox 1059 2448 1091 2503; x_wconf 90' lang='lat' dir='ltr'>et</span> <span class='ocrx_word' id='word_1_210' title='bbox 1116 2442 1147 2503; x_wconf 81' lang='lat'>2.</span> <span class='ocrx_word' id='word_1_211' title='bbox 1178 2442 1331 2523; x_wconf 81' lang='lat' dir='ltr'>leguntur,</span> 
     </span>
     <span class='ocr_line' id='line_1_26' title="bbox 90 2518 1331 2609; baseline 0.006 -28"><span class='ocrx_word' id='word_1_212' title='bbox 90 2537 149 2582; x_wconf 88' lang='lat' dir='ltr'>neo</span> <span class='ocrx_word' id='word_1_213' title='bbox 171 2521 306 2595; x_wconf 82' lang='lat' dir='ltr'>Davidis,</span> <span class='ocrx_word' id='word_1_214' title='bbox 331 2539 389 2583; x_wconf 90' lang='lat' dir='ltr'>nee</span> <span class='ocrx_word' id='word_1_215' title='bbox 412 2518 594 2597; x_wconf 87' lang='lat' dir='ltr'>Salomonis,</span> <span class='ocrx_word' id='word_1_216' title='bbox 627 2538 729 2601; x_wconf 90' lang='lat' dir='ltr'>neque</span> <span class='ocrx_word' id='word_1_217' title='bbox 752 2521 842 2583; x_wconf 92' lang='lat' dir='ltr'>ullius</span> <span class='ocrx_word' id='word_1_218' title='bbox 865 2520 1051 2588; x_wconf 87' lang='lat' dir='ltr'>tudaeomm</span> <span class='ocrx_word' id='word_1_219' title='bbox 1081 2528 1166 2609; x_wconf 80' lang='lat' dir='ltr'>regis</span> <span class='ocrx_word' id='word_1_220' title='bbox 1202 2527 1331 2609; x_wconf 91' lang='lat' dir='ltr'>tempori</span> 
     </span>
     <span class='ocr_line' id='line_1_27' title="bbox 89 2606 1331 2695; baseline 0.006 -28"><span class='ocrx_word' id='word_1_221' title='bbox 89 2611 122 2667; x_wconf 89' lang='lat' dir='ltr'>et</span> <span class='ocrx_word' id='word_1_222' title='bbox 145 2606 295 2687; x_wconf 86' lang='lat' dir='ltr'>adjunctis</span> <span class='ocrx_word' id='word_1_223' title='bbox 326 2607 531 2686; x_wconf 88' lang='lat' dir='ltr'>conveniunt,</span> <span class='ocrx_word' id='word_1_224' title='bbox 562 2623 653 2687; x_wconf 87' lang='lat' dir='ltr'>quum</span> <span class='ocrx_word' id='word_1_225' title='bbox 688 2625 779 2668; x_wconf 91' lang='lat' dir='ltr'>nemo</span> <span class='ocrx_word' id='word_1_226' title='bbox 811 2624 917 2669; x_wconf 88' lang='lat' dir='ltr'>eorum</span> <span class='ocrx_word' id='word_1_227' title='bbox 939 2630 1032 2695; x_wconf 83' lang='lat' dir='ltr'>reges</span> <span class='ocrx_word' id='word_1_228' title='bbox 1056 2618 1177 2691; x_wconf 89' lang='lat' dir='ltr'>terrae,</span> <span class='ocrx_word' id='word_1_229' title='bbox 1201 2613 1331 2694; x_wconf 92' lang='lat' dir='ltr'>populos</span> 
     </span>
     <span class='ocr_line' id='line_1_28' title="bbox 89 2690 1331 2780; baseline 0.007 -27"><span class='ocrx_word' id='word_1_230' title='bbox 89 2708 127 2753; x_wconf 89' lang='lat' dir='ltr'>aa</span> <span class='ocrx_word' id='word_1_231' title='bbox 157 2690 312 2774; x_wconf 86' lang='lat' dir='ltr'>principes</span> <span class='ocrx_word' id='word_1_232' title='bbox 344 2692 403 2754; x_wconf 90' lang='lat' dir='ltr'>sibi</span> <span class='ocrx_word' id='word_1_233' title='bbox 437 2692 595 2773; x_wconf 73' lang='lat' dir='ltr'>subiectos</span> <span class='ocrx_word' id='word_1_234' title='bbox 629 2691 774 2770; x_wconf 90' lang='lat' dir='ltr'>haberet,</span> <span class='ocrx_word' id='word_1_235' title='bbox 811 2693 872 2755; x_wconf 90' lang='lat' dir='ltr'>imo</span> <span class='ocrx_word' id='word_1_236' title='bbox 906 2710 946 2757; x_wconf 91' lang='lat' dir='ltr'>ne</span> <span class='ocrx_word' id='word_1_237' title='bbox 980 2699 1175 2761; x_wconf 90' lang='lat' dir='ltr'>hnitimorum</span> <span class='ocrx_word' id='word_1_238' title='bbox 1211 2700 1331 2780; x_wconf 86' lang='lat' dir='ltr'>quidem</span> 
     </span>
     <span class='ocr_line' id='line_1_29' title="bbox 90 2775 1330 2863; baseline 0.01 -28"><span class='ocrx_word' id='word_1_239' title='bbox 90 2778 270 2858; x_wconf 88' lang='lat' dir='ltr'>populorum</span> <span class='ocrx_word' id='word_1_240' title='bbox 295 2776 527 2855; x_wconf 78' lang='lat' dir='ltr'>&#39;Edomitarum‚</span> <span class='ocrx_word' id='word_1_241' title='bbox 560 2775 792 2840; x_wconf 88' lang='lat' dir='ltr'>Philistaeorum</span> <span class='ocrx_word' id='word_1_242' title='bbox 823 2786 855 2841; x_wconf 91' lang='lat' dir='ltr'>et</span> <span class='ocrx_word' id='word_1_243' title='bbox 875 2778 1076 2847; x_wconf 83' lang='lat' dir='ltr'>Moabitarum</span> <span class='ocrx_word' id='word_1_244' title='bbox 1112 2785 1330 2863; x_wconf 86' lang='lat' dir='ltr'>delectionem,</span> 
     </span>
     <span class='ocr_line' id='line_1_30' title="bbox 90 2856 1330 2945; baseline 0.006 -19"><span class='ocrx_word' id='word_1_245' title='bbox 90 2863 128 2926; x_wconf 93' lang='lat' dir='ltr'>ad</span> <span class='ocrx_word' id='word_1_246' title='bbox 153 2882 243 2944; x_wconf 87' lang='lat' dir='ltr'>quam</span> <span class='ocrx_word' id='word_1_247' title='bbox 276 2856 356 2925; x_wconf 86' lang='lat' dir='ltr'>dicte</span> <span class='ocrx_word' id='word_1_248' title='bbox 386 2863 498 2926; x_wconf 84' lang='lat' dir='ltr'>reterri</span> <span class='ocrx_word' id='word_1_249' title='bbox 520 2867 679 2945; x_wconf 90' lang='lat' dir='ltr'>possent,</span> <span class='ocrx_word' id='word_1_250' title='bbox 701 2863 829 2927; x_wconf 91' lang='lat' dir='ltr'>historia</span> <span class='ocrx_word' id='word_1_251' title='bbox 851 2866 975 2932; x_wconf 82' lang='lat' dir='ltr'>Davidis</span> <span class='ocrx_word' id='word_1_252' title='bbox 999 2878 1051 2932; x_wconf 89' lang='lat' dir='ltr'>aut</span> <span class='ocrx_word' id='word_1_253' title='bbox 1073 2871 1248 2934; x_wconf 90' lang='lat' dir='ltr'>Salomonis</span> <span class='ocrx_word' id='word_1_254' title='bbox 1272 2872 1330 2934; x_wconf 93' lang='lat' dir='ltr'>do-</span> 
     </span>
     <span class='ocr_line' id='line_1_31' title="bbox 90 2948 1328 3029; baseline 0.007 -19"><span class='ocrx_word' id='word_1_255' title='bbox 90 2957 170 3029; x_wconf 82' lang='lat' dir='ltr'>ceat,</span> <span class='ocrx_word' id='word_1_256' title='bbox 193 2956 227 3013; x_wconf 93' lang='lat' dir='ltr'>ut</span> <span class='ocrx_word' id='word_1_257' title='bbox 248 2948 322 3012; x_wconf 92' lang='lat' dir='ltr'>nihil</span> <span class='ocrx_word' id='word_1_258' title='bbox 344 2948 481 3012; x_wconf 88' lang='lat' dir='ltr'>dieamus</span> <span class='ocrx_word' id='word_1_259' title='bbox 506 2949 544 3012; x_wconf 91' lang='lat' dir='ltr'>de</span> <span class='ocrx_word' id='word_1_260' title='bbox 566 2949 735 3029; x_wconf 82' lang='lat' dir='ltr'>bpperbola</span> <span class='ocrx_word' id='word_1_261' title='bbox 765 2951 817 3013; x_wconf 90' lang='lat' dir='ltr'>tali</span> <span class='ocrx_word' id='word_1_262' title='bbox 838 2969 959 3017; x_wconf 91' lang='lat' dir='ltr'>omnem</span> <span class='ocrx_word' id='word_1_263' title='bbox 990 2955 1112 3019; x_wconf 92' lang='lat' dir='ltr'>modum</span> <span class='ocrx_word' id='word_1_264' title='bbox 1145 2958 1328 3021; x_wconf 89' lang='lat' dir='ltr'>excedente.</span> 
     </span>
     <span class='ocr_line' id='line_1_32' title="bbox 90 3033 1330 3122; baseline 0.008 -26"><span class='ocrx_word' id='word_1_265' title='bbox 90 3033 207 3106; x_wconf 79' lang='lat' dir='ltr'>Quodsi</span> <span class='ocrx_word' id='word_1_266' title='bbox 229 3052 304 3098; x_wconf 89' lang='lat' dir='ltr'>vero</span> <span class='ocrx_word' id='word_1_267' title='bbox 328 3035 465 3097; x_wconf 88' lang='lat' dir='ltr'>Pselmus</span> <span class='ocrx_word' id='word_1_268' title='bbox 487 3034 548 3111; x_wconf 91' lang='lat' dir='ltr'>bic,</span> <span class='ocrx_word' id='word_1_269' title='bbox 571 3036 614 3097; x_wconf 90' lang='lat' dir='ltr'>uti</span> <span class='ocrx_word' id='word_1_270' title='bbox 636 3033 671 3096; x_wconf 89' lang='lat' dir='ltr'>N.</span> <span class='ocrx_word' id='word_1_271' title='bbox 695 3035 728 3096; x_wconf 86' lang='lat' dir='ltr'>T.</span> <span class='ocrx_word' id='word_1_272' title='bbox 751 3037 925 3103; x_wconf 88' lang='lat' dir='ltr'>testimonia</span> <span class='ocrx_word' id='word_1_273' title='bbox 957 3042 1123 3122; x_wconf 90' lang='lat' dir='ltr'>postulant,</span> <span class='ocrx_word' id='word_1_274' title='bbox 1156 3045 1330 3107; x_wconf 88' lang='lat' dir='ltr'>immediate</span> 
     </span>
     <span class='ocr_line' id='line_1_33' title="bbox 89 3119 1328 3202; baseline 0.008 -20"><span class='ocrx_word' id='word_1_275' title='bbox 89 3119 127 3182; x_wconf 92' lang='lat' dir='ltr'>ad</span> <span class='ocrx_word' id='word_1_276' title='bbox 151 3120 301 3183; x_wconf 83' lang='lat' dir='ltr'>Christum</span> <span class='ocrx_word' id='word_1_277' title='bbox 334 3120 485 3199; x_wconf 78' lang='lat' dir='ltr'>retertur,</span> <span class='ocrx_word' id='word_1_278' title='bbox 519 3121 619 3183; x_wconf 91' lang='lat' dir='ltr'>omnia</span> <span class='ocrx_word' id='word_1_279' title='bbox 653 3128 725 3183; x_wconf 92' lang='lat' dir='ltr'>sunt</span> <span class='ocrx_word' id='word_1_280' title='bbox 748 3122 853 3202; x_wconf 89' lang='lat' dir='ltr'>plana,</span> <span class='ocrx_word' id='word_1_281' title='bbox 887 3128 1100 3190; x_wconf 85' lang='lat' dir='ltr'>convenientia</span> <span class='ocrx_word' id='word_1_282' title='bbox 1124 3136 1155 3190; x_wconf 89' lang='lat' dir='ltr'>et</span> <span class='ocrx_word' id='word_1_283' title='bbox 1177 3147 1238 3192; x_wconf 90' lang='lat' dir='ltr'>suo</span> <span class='ocrx_word' id='word_1_284' title='bbox 1261 3131 1328 3192; x_wconf 88' lang='lat' dir='ltr'>loco</span> 
     </span>
     <span class='ocr_line' id='line_1_34' title="bbox 87 3204 1329 3294; baseline 0.006 -26"><span class='ocrx_word' id='word_1_285' title='bbox 87 3204 196 3286; x_wconf 86' lang='lat' dir='ltr'>posita.</span> <span class='ocrx_word' id='word_1_286' title='bbox 219 3241 262 3253; x_wconf 90' lang='lat'><em>-</em></span> <span class='ocrx_word' id='word_1_287' title='bbox 283 3206 366 3269; x_wconf 93' lang='lat' dir='ltr'>ldem</span> <span class='ocrx_word' id='word_1_288' title='bbox 388 3205 471 3269; x_wconf 86' lang='lat' dir='ltr'>valet</span> <span class='ocrx_word' id='word_1_289' title='bbox 492 3206 532 3269; x_wconf 92' lang='lat' dir='ltr'>de</span> <span class='ocrx_word' id='word_1_290' title='bbox 554 3206 681 3269; x_wconf 87' lang='lat' dir='ltr'>Psalmis</span> <span class='ocrx_word' id='word_1_291' title='bbox 706 3206 755 3271; x_wconf 84' lang='grc'>16.</span> <span class='ocrx_word' id='word_1_292' title='bbox 780 3209 835 3272; x_wconf 78' lang='lat'>22.</span> <span class='ocrx_word' id='word_1_293' title='bbox 858 3215 890 3271; x_wconf 87' lang='lat' dir='ltr'>ei</span> <span class='ocrx_word' id='word_1_294' title='bbox 910 3212 974 3292; x_wconf 89' lang='grc'><strong>40.,</strong></span> <span class='ocrx_word' id='word_1_295' title='bbox 1003 3214 1035 3275; x_wconf 94' lang='lat' dir='ltr'>in</span> <span class='ocrx_word' id='word_1_296' title='bbox 1058 3214 1168 3294; x_wconf 90' lang='lat' dir='ltr'>quibus</span> <span class='ocrx_word' id='word_1_297' title='bbox 1198 3216 1329 3279; x_wconf 86' lang='lat' dir='ltr'>Messias</span> 
     </span>
     <span class='ocr_line' id='line_1_35' title="bbox 85 3290 1329 3382; baseline 0.007 -28"><span class='ocrx_word' id='word_1_298' title='bbox 85 3290 117 3354; x_wconf 90' lang='lat' dir='ltr'>in</span> <span class='ocrx_word' id='word_1_299' title='bbox 142 3292 308 3355; x_wconf 88' lang='lat' dir='ltr'>bumilitate</span> <span class='ocrx_word' id='word_1_300' title='bbox 338 3308 395 3355; x_wconf 89' lang='lat' dir='ltr'>sua</span> <span class='ocrx_word' id='word_1_301' title='bbox 426 3299 457 3354; x_wconf 88' lang='lat' dir='ltr'>et</span> <span class='ocrx_word' id='word_1_302' title='bbox 477 3291 596 3374; x_wconf 92' lang='lat' dir='ltr'>patiens</span> <span class='ocrx_word' id='word_1_303' title='bbox 630 3293 830 3375; x_wconf 86' lang='lat' dir='ltr'>describitur,</span> <span class='ocrx_word' id='word_1_304' title='bbox 863 3303 894 3360; x_wconf 89' lang='lat' dir='ltr'>et</span> <span class='ocrx_word' id='word_1_305' title='bbox 916 3298 956 3362; x_wconf 92' lang='lat' dir='ltr'>de</span> <span class='ocrx_word' id='word_1_306' title='bbox 985 3299 1039 3363; x_wconf 84' lang='lat'>45.</span> <span class='ocrx_word' id='word_1_307' title='bbox 1070 3300 1122 3362; x_wconf 79' lang='grc'>79.</span> <span class='ocrx_word' id='word_1_308' title='bbox 1157 3300 1244 3381; x_wconf 70' lang='grc'><strong>110,</strong></span> <span class='ocrx_word' id='word_1_309' title='bbox 1280 3299 1329 3382; x_wconf 85' lang='lat' dir='ltr'>qui</span> 
     </span>
     <span class='ocr_line' id='line_1_36' title="bbox 87 3374 630 3458; baseline 0.004 -20"><span class='ocrx_word' id='word_1_310' title='bbox 87 3374 229 3441; x_wconf 84' lang='lat' dir='ltr'>blessiam</span> <span class='ocrx_word' id='word_1_311' title='bbox 253 3378 486 3458; x_wconf 89' lang='lat' dir='ltr'>triumphantem</span> <span class='ocrx_word' id='word_1_312' title='bbox 509 3384 630 3440; x_wconf 80' lang='lat' dir='ltr'>canunt</span> 
     </span>
    </p>

    <p class='ocr_par' dir='ltr' id='par_1_5' title="bbox 80 3462 1328 4326">
     <span class='ocr_line' id='line_1_37' title="bbox 171 3462 1328 3553; baseline 0.007 -28"><span class='ocrx_word' id='word_1_313' title='bbox 171 3463 269 3526; x_wconf 90' lang='lat' dir='ltr'>Isaiae</span> <span class='ocrx_word' id='word_1_314' title='bbox 300 3462 332 3541; x_wconf 78' lang='grc'><strong>7,</strong></span> <span class='ocrx_word' id='word_1_315' title='bbox 365 3462 415 3525; x_wconf 86' lang='grc'>14.</span> <span class='ocrx_word' id='word_1_316' title='bbox 450 3462 654 3526; x_wconf 91' lang='lat' dir='ltr'>immediatam</span> <span class='ocrx_word' id='word_1_317' title='bbox 686 3464 845 3529; x_wconf 87' lang='lat' dir='ltr'>continere</span> <span class='ocrx_word' id='word_1_318' title='bbox 879 3470 1067 3553; x_wconf 87' lang='lat' dir='ltr'>prophetiam</span> <span class='ocrx_word' id='word_1_319' title='bbox 1101 3472 1140 3535; x_wconf 90' lang='lat' dir='ltr'>de</span> <span class='ocrx_word' id='word_1_320' title='bbox 1169 3473 1328 3534; x_wconf 90' lang='lat' dir='ltr'>nativitate</span> 
     </span>
     <span class='ocr_line' id='line_1_38' title="bbox 85 3544 1326 3639; baseline 0.007 -30"><span class='ocrx_word' id='word_1_321' title='bbox 85 3544 162 3610; x_wconf 85' lang='lat' dir='ltr'>lesu</span> <span class='ocrx_word' id='word_1_322' title='bbox 185 3546 296 3611; x_wconf 84' lang='lat' dir='ltr'>Christi</span> <span class='ocrx_word' id='word_1_323' title='bbox 320 3567 360 3611; x_wconf 86' lang='lat' dir='ltr'>ex</span> <span class='ocrx_word' id='word_1_324' title='bbox 381 3546 475 3611; x_wconf 88' lang='lat' dir='ltr'>blnria</span> <span class='ocrx_word' id='word_1_325' title='bbox 498 3549 635 3632; x_wconf 85' lang='lat' dir='ltr'>Virgine,</span> <span class='ocrx_word' id='word_1_326' title='bbox 669 3557 792 3630; x_wconf 90' lang='lat' dir='ltr'>praeter</span> <span class='ocrx_word' id='word_1_327' title='bbox 814 3555 976 3619; x_wconf 91' lang='lat' dir='ltr'>eonsilium</span> <span class='ocrx_word' id='word_1_328' title='bbox 996 3557 1177 3639; x_wconf 89' lang='lat' dir='ltr'>prophetae,</span> <span class='ocrx_word' id='word_1_329' title='bbox 1200 3556 1326 3621; x_wconf 81' lang='lat' dir='ltr'>Achazo</span> 
     </span>
     <span class='ocr_line' id='line_1_39' title="bbox 84 3634 1327 3727; baseline 0.007 -31"><span class='ocrx_word' id='word_1_330' title='bbox 84 3635 154 3715; x_wconf 77' lang='lat' dir='ltr'>regi</span> <span class='ocrx_word' id='word_1_331' title='bbox 182 3634 349 3696; x_wconf 83' lang='lat' dir='ltr'>exhibendi</span> <span class='ocrx_word' id='word_1_332' title='bbox 383 3635 504 3717; x_wconf 82' lang='lat' dir='ltr'>insigne</span> <span class='ocrx_word' id='word_1_333' title='bbox 537 3635 717 3698; x_wconf 87' lang='lat' dir='ltr'>miraculum</span> <span class='ocrx_word' id='word_1_334' title='bbox 737 3654 757 3699; x_wconf 90' lang='lat' dir='ltr'>a</span> <span class='ocrx_word' id='word_1_335' title='bbox 778 3636 846 3701; x_wconf 91' lang='lat' dir='ltr'>Deo</span> <span class='ocrx_word' id='word_1_336' title='bbox 868 3641 947 3724; x_wconf 91' lang='lat' dir='ltr'>ipso,</span> <span class='ocrx_word' id='word_1_337' title='bbox 979 3660 1042 3707; x_wconf 93' lang='lat' dir='ltr'>non</span> <span class='ocrx_word' id='word_1_338' title='bbox 1073 3650 1185 3727; x_wconf 82' lang='lat' dir='ltr'>rogato</span> <span class='ocrx_word' id='word_1_339' title='bbox 1214 3643 1327 3721; x_wconf 89' lang='lat' dir='ltr'>datum,</span> 
     </span>
     <span class='ocr_line' id='line_1_40' title="bbox 86 3718 1327 3807; baseline 0.008 -26"><span class='ocrx_word' id='word_1_340' title='bbox 86 3736 147 3799; x_wconf 86' lang='lat' dir='ltr'>quo</span> <span class='ocrx_word' id='word_1_341' title='bbox 169 3720 222 3782; x_wconf 93' lang='lat' dir='ltr'>ille</span> <span class='ocrx_word' id='word_1_342' title='bbox 245 3720 285 3782; x_wconf 91' lang='lat' dir='ltr'>de</span> <span class='ocrx_word' id='word_1_343' title='bbox 305 3718 419 3782; x_wconf 86' lang='lat' dir='ltr'>familia</span> <span class='ocrx_word' id='word_1_344' title='bbox 442 3737 498 3782; x_wconf 89' lang='lat' dir='ltr'>sua</span> <span class='ocrx_word' id='word_1_345' title='bbox 518 3738 582 3784; x_wconf 94' lang='lat' dir='ltr'>non</span> <span class='ocrx_word' id='word_1_346' title='bbox 616 3721 812 3803; x_wconf 81' lang='lat' dir='ltr'>exstirpanda</span> <span class='ocrx_word' id='word_1_347' title='bbox 846 3728 961 3790; x_wconf 87' lang='lat' dir='ltr'>certior</span> <span class='ocrx_word' id='word_1_348' title='bbox 990 3726 1190 3807; x_wconf 88' lang='lat' dir='ltr'>redderetur,</span> <span class='ocrx_word' id='word_1_349' title='bbox 1227 3730 1327 3792; x_wconf 90' lang='lat' dir='ltr'>mani-</span> 
     </span>
     <span class='ocr_line' id='line_1_41' title="bbox 84 3804 1327 3895; baseline 0.009 -29"><span class='ocrx_word' id='word_1_350' title='bbox 84 3804 199 3868; x_wconf 84' lang='lat' dir='ltr'>festant</span> <span class='ocrx_word' id='word_1_351' title='bbox 219 3806 406 3887; x_wconf 89' lang='lat' dir='ltr'>praedicata,</span> <span class='ocrx_word' id='word_1_352' title='bbox 436 3823 515 3887; x_wconf 90' lang='lat' dir='ltr'>quae</span> <span class='ocrx_word' id='word_1_353' title='bbox 538 3806 599 3870; x_wconf 92' lang='lat' dir='ltr'>lilio</span> <span class='ocrx_word' id='word_1_354' title='bbox 630 3809 787 3872; x_wconf 82' lang='lat' dir='ltr'>nescituro</span> <span class='ocrx_word' id='word_1_355' title='bbox 819 3810 1000 3892; x_wconf 86' lang='lat' dir='ltr'>tribuuntur,</span> <span class='ocrx_word' id='word_1_356' title='bbox 1022 3816 1067 3879; x_wconf 92' lang='lat' dir='ltr'>uti</span> <span class='ocrx_word' id='word_1_357' title='bbox 1088 3836 1116 3878; x_wconf 88' lang='lat' dir='ltr'>v.</span> <span class='ocrx_word' id='word_1_358' title='bbox 1143 3815 1194 3881; x_wconf 91' lang='grc'>14.</span> <span class='ocrx_word' id='word_1_359' title='bbox 1233 3817 1327 3895; x_wconf 81' lang='lat' dir='ltr'>„Em-</span> 
     </span>
     <span class='ocr_line' id='line_1_42' title="bbox 82 3888 1326 3983; baseline 0.009 -31"><span class='ocrx_word' id='word_1_360' title='bbox 82 3890 234 3970; x_wconf 79' lang='lat' dir='ltr'>manuel‚“</span> <span class='ocrx_word' id='word_1_361' title='bbox 259 3891 290 3970; x_wconf 95' lang='grc'><strong>9,</strong></span> <span class='ocrx_word' id='word_1_362' title='bbox 313 3890 342 3955; x_wconf 88' lang='grc'>6.</span> <span class='ocrx_word' id='word_1_363' title='bbox 367 3891 413 3953; x_wconf 76' lang='lat' dir='ltr'>ih:</span> <span class='ocrx_word' id='word_1_364' title='bbox 439 3888 665 3971; x_wconf 85' lang='lat' dir='ltr'>„Admirabilis,</span> <span class='ocrx_word' id='word_1_365' title='bbox 689 3894 894 3976; x_wconf 89' lang='lat' dir='ltr'>consiliarius,</span> <span class='ocrx_word' id='word_1_366' title='bbox 915 3898 1012 3976; x_wconf 88' lang='lat' dir='ltr'>Deus,</span> <span class='ocrx_word' id='word_1_367' title='bbox 1036 3899 1135 3979; x_wconf 87' lang='lat' dir='ltr'>tortis,</span> <span class='ocrx_word' id='word_1_368' title='bbox 1163 3909 1253 3983; x_wconf 90' lang='lat' dir='ltr'>pater</span> <span class='ocrx_word' id='word_1_369' title='bbox 1277 3901 1326 3963; x_wconf 89' lang='lat' dir='ltr'>lu-</span> 
     </span>
     <span class='ocr_line' id='line_1_43' title="bbox 82 3977 1325 4071; baseline 0.009 -33"><span class='ocrx_word' id='word_1_370' title='bbox 82 3977 141 4038; x_wconf 88' lang='lat' dir='ltr'>turi</span> <span class='ocrx_word' id='word_1_371' title='bbox 176 3977 310 4055; x_wconf 91' lang='lat' dir='ltr'>saeculi,</span> <span class='ocrx_word' id='word_1_372' title='bbox 345 3977 487 4060; x_wconf 87' lang='lat' dir='ltr'>princeps</span> <span class='ocrx_word' id='word_1_373' title='bbox 520 3980 606 4060; x_wconf 87' lang='lat' dir='ltr'>pacis</span> <span class='ocrx_word' id='word_1_374' title='bbox 637 3997 698 4041; x_wconf 89' lang='lat' dir='ltr'>non</span> <span class='ocrx_word' id='word_1_375' title='bbox 732 3979 905 4063; x_wconf 90' lang='lat' dir='ltr'>liniendae,</span> <span class='ocrx_word' id='word_1_376' title='bbox 935 3985 1075 4067; x_wconf 77' lang='lat' dir='ltr'>regimen</span> <span class='ocrx_word' id='word_1_377' title='bbox 1098 4005 1194 4071; x_wconf 89' lang='lat' dir='ltr'>super</span> <span class='ocrx_word' id='word_1_378' title='bbox 1217 3989 1325 4051; x_wconf 90' lang='lat' dir='ltr'>solium</span> 
     </span>
     <span class='ocr_line' id='line_1_44' title="bbox 80 4062 1323 4152; baseline 0.008 -28"><span class='ocrx_word' id='word_1_379' title='bbox 80 4062 204 4125; x_wconf 88' lang='lat' dir='ltr'>Davidis</span> <span class='ocrx_word' id='word_1_380' title='bbox 226 4064 257 4125; x_wconf 94' lang='lat' dir='ltr'>in</span> <span class='ocrx_word' id='word_1_381' title='bbox 275 4062 394 4145; x_wconf 88' lang='lat' dir='ltr'>justitia</span> <span class='ocrx_word' id='word_1_382' title='bbox 417 4062 448 4125; x_wconf 93' lang='lat' dir='ltr'>in</span> <span class='ocrx_word' id='word_1_383' title='bbox 471 4065 659 4127; x_wconf 87' lang='lat' dir='ltr'>aetemum.“</span> <span class='ocrx_word' id='word_1_384' title='bbox 685 4099 727 4113; x_wconf 79' lang='lat'>-</span> <span class='ocrx_word' id='word_1_385' title='bbox 750 4064 861 4131; x_wconf 87' lang='lat' dir='ltr'>Contra</span> <span class='ocrx_word' id='word_1_386' title='bbox 884 4069 1086 4135; x_wconf 87' lang='lat' dir='ltr'>veroGenes.</span> <span class='ocrx_word' id='word_1_387' title='bbox 1101 4073 1152 4152; x_wconf 80' lang='lat'>12,</span> <span class='ocrx_word' id='word_1_388' title='bbox 1176 4075 1231 4138; x_wconf 86' lang='grc'>46.</span> <span class='ocrx_word' id='word_1_389' title='bbox 1256 4074 1323 4138; x_wconf 91' lang='lat' dir='ltr'>coll.</span> 
     </span>
     <span class='ocr_line' id='line_1_45' title="bbox 81 4147 1323 4237; baseline 0.01 -27"><span class='ocrx_word' id='word_1_390' title='bbox 81 4165 151 4210; x_wconf 91' lang='lat' dir='ltr'>cum</span> <span class='ocrx_word' id='word_1_391' title='bbox 173 4149 282 4211; x_wconf 90' lang='lat' dir='ltr'>Joann.</span> <span class='ocrx_word' id='word_1_392' title='bbox 309 4147 358 4227; x_wconf 85' lang='lat'>19,</span> <span class='ocrx_word' id='word_1_393' title='bbox 382 4147 434 4211; x_wconf 84' lang='grc'>36.</span> <span class='ocrx_word' id='word_1_394' title='bbox 467 4149 618 4229; x_wconf 80' lang='lat' dir='ltr'>typicam3</span> <span class='ocrx_word' id='word_1_395' title='bbox 651 4149 856 4233; x_wconf 83' lang='lat' dir='ltr'>lsaieeti‚9.</span> <span class='ocrx_word' id='word_1_396' title='bbox 882 4155 932 4219; x_wconf 91' lang='grc'>10.</span> <span class='ocrx_word' id='word_1_397' title='bbox 956 4157 1025 4221; x_wconf 91' lang='lat' dir='ltr'>coll.</span> <span class='ocrx_word' id='word_1_398' title='bbox 1049 4159 1249 4225; x_wconf 88' lang='lat' dir='ltr'>eumblatth.</span> <span class='ocrx_word' id='word_1_399' title='bbox 1277 4160 1323 4237; x_wconf 90' lang='grc'>13,</span> 
     </span>
     <span class='ocr_line' id='line_1_46' title="bbox 83 4230 1324 4326; baseline 0.01 -29"><span class='ocrx_word' id='word_1_400' title='bbox 83 4230 154 4315; x_wconf 65' lang='lat'>143</span> <span class='ocrx_word' id='word_1_401' title='bbox 176 4233 225 4297; x_wconf 83' lang='lat' dir='ltr'>l’s.</span> <span class='ocrx_word' id='word_1_402' title='bbox 249 4230 300 4305; x_wconf 81' lang='lat' dir='ltr'>ta,</span> <span class='ocrx_word' id='word_1_403' title='bbox 324 4236 355 4298; x_wconf 84' lang='lat'>2.</span> <span class='ocrx_word' id='word_1_404' title='bbox 379 4231 409 4298; x_wconf 88' lang='lat'>3.</span> <span class='ocrx_word' id='word_1_405' title='bbox 445 4232 515 4298; x_wconf 89' lang='lat' dir='ltr'>ooll.</span> <span class='ocrx_word' id='word_1_406' title='bbox 539 4251 609 4296; x_wconf 89' lang='lat' dir='ltr'>eum</span> <span class='ocrx_word' id='word_1_407' title='bbox 630 4234 653 4296; x_wconf 93' lang='lat' dir='ltr'>l.</span> <span class='ocrx_word' id='word_1_408' title='bbox 676 4235 793 4303; x_wconf 87' lang='lat' dir='ltr'>blacch.</span> <span class='ocrx_word' id='word_1_409' title='bbox 822 4239 851 4321; x_wconf 79' lang='grc'><strong>7,</strong></span> <span class='ocrx_word' id='word_1_410' title='bbox 884 4241 933 4305; x_wconf 76' lang='lat' dir='ltr'>ll.</span> <span class='ocrx_word' id='word_1_411' title='bbox 965 4245 1188 4326; x_wconf 81' lang='lat' dir='ltr'>continuatam3</span> <span class='ocrx_word' id='word_1_412' title='bbox 1224 4246 1324 4311; x_wconf 87' lang='lat' dir='ltr'>Oscae</span> 
     </span>
    </p>
   </div>
   <div class='ocr_carea' id='block_1_3' title="bbox 78 4400 391 4416">
    <p class='ocr_par' dir='ltr' id='par_1_6' title="bbox 78 4400 391 4416">
     <span class='ocr_line' id='line_1_47' title="bbox 78 4400 391 4416; baseline 0.006 -3"><span class='ocrx_word' id='word_1_413' title='bbox 78 4400 391 4416; x_wconf 43' lang='grc' dir='ltr'>ἡ*</span> 
     </span>
    </p>
   </div>
   <div class='ocr_carea' id='block_1_4' title="bbox 116 4490 1235 4572">
    <p class='ocr_par' dir='ltr' id='par_1_7' title="bbox 116 4490 1235 4572">
     <span class='ocr_line' id='line_1_48' title="bbox 116 4490 1235 4572; baseline 0.016 -26"><span class='ocrx_word' id='word_1_414' title='bbox 116 4495 143 4561; x_wconf 69' lang='lat' dir='ltr'>n</span> <span class='ocrx_word' id='word_1_415' title='bbox 167 4494 224 4547; x_wconf 75' lang='lat' dir='ltr'>ner.</span> <span class='ocrx_word' id='word_1_416' title='bbox 243 4496 269 4559; x_wconf 80' lang='lat' dir='ltr'>r,</span> <span class='ocrx_word' id='word_1_417' title='bbox 288 4498 332 4560; x_wconf 84' lang='lat'>25,</span> <span class='ocrx_word' id='word_1_418' title='bbox 352 4496 395 4559; x_wconf 71' lang='grc'><strong>13,</strong></span> <span class='ocrx_word' id='word_1_419' title='bbox 414 4496 455 4549; x_wconf 83' lang='lat' dir='ltr'>ae.</span> <span class='ocrx_word' id='word_1_420' title='bbox 475 4498 552 4551; x_wconf 74' lang='lat' dir='ltr'>neor.</span> <span class='ocrx_word' id='word_1_421' title='bbox 571 4498 597 4561; x_wconf 89' lang='lat'>1,</span> <span class='ocrx_word' id='word_1_422' title='bbox 616 4500 639 4551; x_wconf 94' lang='lat'>5.</span> <span class='ocrx_word' id='word_1_423' title='bbox 658 4498 683 4561; x_wconf 88' lang='lat'>5,</span> <span class='ocrx_word' id='word_1_424' title='bbox 702 4501 726 4554; x_wconf 89' lang='lat'>5.</span> <span class='ocrx_word' id='word_1_425' title='bbox 744 4501 827 4571; x_wconf 71' lang='lat' dir='ltr'>epae.</span> <span class='ocrx_word' id='word_1_426' title='bbox 844 4496 871 4567; x_wconf 81' lang='lat' dir='ltr'>a,</span> <span class='ocrx_word' id='word_1_427' title='bbox 890 4506 932 4562; x_wconf 80' lang='lat' dir='ltr'>aa.</span> <span class='ocrx_word' id='word_1_428' title='bbox 951 4514 979 4560; x_wconf 78' lang='lat' dir='ltr'>e</span> <span class='ocrx_word' id='word_1_429' title='bbox 997 4507 1039 4572; x_wconf 85' lang='lat' dir='ltr'>ra,</span> <span class='ocrx_word' id='word_1_430' title='bbox 1065 4508 1107 4565; x_wconf 84' lang='lat'>15.</span> <span class='ocrx_word' id='word_1_431' title='bbox 1232 4490 1235 4495; x_wconf 84' lang='grc'><strong>’</strong></span> 
     </span>
    </p>
   </div>
   <div class='ocr_carea' id='block_1_5' title="bbox 0 0 1422 4896">
    <p class='ocr_par' dir='ltr' id='par_1_8' title="bbox 0 0 1422 4896">
     <span class='ocr_line' id='line_1_49' title="bbox 0 0 1422 4896; baseline 0 5"><span class='ocrx_word' id='word_1_432' title='bbox 0 0 1422 4896; x_wconf 95' lang='lat' dir='ltr'> </span> 
     </span>
    </p>
   </div>
  </div>
 </body>
</html>
