2834 4896
1267 218 1333 288 239

79 392 281 477 bna0lympi
300 390 424 456 incolae
445 390 527 453 inte'r
546 399 583 453 se
596 386 812 475 'confligentes
830 388 896 473 jana
914 388 985 470 bca,
1004 390 1068 473 jam
1091 392 1160 457 illos
1183 392 1335 459 sodalium

84 500 215 552 suornm
237 480 378 543 devictos
400 484 434 541 et
455 478 495 541 de
513 476 608 541 coelo
630 475 770 560 dejectos
792 478 870 541 sarri
880 478 1100 542 immortalibus
1112 481 1258 564 indignae
1275 480 1336 545 ad·

87 572 250 636 dixissent.
273 602 315 613 -
339 565 451 629 Contra
472 581 549 628 vere
577 563 646 627 libri
667 565 750 627 sacri
770 562 807 626 V.
829 564 881 641 ll,
915 564 988 627 licet
1017 568 1196 649 antiquitate
1226 584 1335 631 omres

90 659 166 721 alios
192 655 292 736 longe
322 658 489 734 superent,
526 650 799 715 amonotbeismo
828 651 1086 733 progredientem
1109 654 1206 717 Deum
1238 671 1334 717 unum

87 740 289 826 spiritualem,
315 738 539 801 sanctissimum
561 744 594 799 et
614 738 706 800 talem
728 743 972 818 repraesentant,
996 740 1048 819 qni
1078 739 1140 803 bde
1163 758 1200 803 ac
1223 742 1333 823 probi-

88 837 152 893 tate
175 827 297 898 colitur,
322 832 354 887 et
375 823 537 887 sacrifieiis
560 824 697 887 externis
710 830 838 886 eatenus
850 828 965 886 tantum
978 824 1160 907 delectatur,
1183 833 1335 909 qnatenus

88 916 129 980 ad
153 912 278 997 pietatis
300 912 440 973 internae
462 909 740 974 manifestationem
764 910 943 974 ollemntur.

110 1038 113 1043 ,
177 1001 216 1081 β)
228 1000 479 1061 Ratiooe'reram
489 995 813 1059 historicoramsbbri
823 995 944 1080 profani
958 996 1193 1063 absurdissimas
1205 1016 1334 1063 cosmo-

91 1094 123 1151 ct
144 1085 318 1169 geogonias
341 1085 510 1159 somniant3
528 1082 631 1161 Pano,
661 1083 837 1162 llinervac,
866 1081 989 1164 Generi,
1027 1082 1179 1166 Apollini,
1212 1085 1336 1149 Baccbo

89 1174 223 1253 aliisque
253 1171 369 1234 altioris
392 1169 522 1253 originis
557 1170 678 1233 entibus
705 1170 978 1233 intervenientibus
1008 1188 1110 1234 rerum
1133 1189 1280 1234 novarum
1301 1178 1337 1235 et

91 1261 201 1324 artium
222 1258 429 1320 inventionem
452 1255 645 1332 adscribunt3
670 1256 839 1337 civitatum,
869 1256 1015 1336 bereum,
1046 1257 1235 1340 principum,
1268 1259 1331 1322 imo

91 1344 230 1428 cujusvis
252 1341 319 1407 lere
341 1342 476 1405 familiae
497 1342 656 1406 nobilioris
679 1344 816 1427 origines
839 1361 858 1406 a
880 1342 1008 1407 deornm
1030 1344 1163 1425 quodam
1186 1344 1334 1409 derivant

90 1468 132 1481 -
155 1432 216 1494 Ast
236 1430 268 1491 in
289 1430 394 1512 primis
417 1429 518 1491 statim
551 1428 641 1493 lineis
672 1429 707 1493 v.
730 1430 763 1493 Τ.
797 1430 903 1493 mnndi
932 1429 1049 1493 creatio
1079 1429 1259 1513 simpliciter
1287 1430 1334 1495 sic

93 1517 296 1582 describitur:
321 1516 375 1595 ,lu
396 1515 546 1596 principio
570 1516 688 1580 creavit
697 1516 782 1579 Deus
794 1516 914 1579 eoelum
937 1523 970 1579 et
991 1520 1133 1595 terrem,“
1158 1517 1334 1581 etomnium

92 1623 195 1667 rerum
219 1603 308 1685 origo
331 1601 432 1680 modo,
456 1602 508 1683 qui
531 1602 642 1666 rationi
663 1621 758 1666 sanae
780 1600 865 1665 solus
886 1602 1043 1685 probatur,
1068 1623 1084 1666 a
1108 1603 1263 1667 voluntate
1272 1605 1334 1667 Je-

92 1691 194 1754 bovae
217 1688 368 1770 repetitur
380 1688 609 1771 omnipotentis,
631 1688 856 1771 sapientissimi,
879 1689 1091 1772 benignissimi
1103 1697 1195 1771 atoue
1207 1690 1336 1768 aeterni,

93 1796 152 1859 quo
177 1778 365 1858 imperante:
403 1773 489 1853 ,Fiat
509 1775 582 1837 Ιιιι(ι
606 1773 688 1837 lacta
709 1781 759 1839 est
779 1774 851 1852 lux,
874 1792 936 1857 quo
958 1774 1083 1839 volente
1105 1778 1219 1858 primus
1242 1777 1334 1839 bomo

92 1882 153 1926 non
176 1863 301 1946 genitus
323 1867 382 1939 est,
405 1861 463 1925 sed
478 1866 504 1923 ‘e
526 1861 598 1923 limo
621 1867 723 1925 terrae
745 1860 894 1926 formatus
916 1868 948 1926 et
970 1862 1119 1925 animatus
1153 1881 1210 1944 per
1231 1864 1334 1945 spira-

91 1951 192 2013 culum
213 1950 315 2027 ritae',
346 1947 430 2028 quod
459 1947 618 2029 inspiravit
638 1948 733 2013 Deus.
784 1947 833 2011 Uti
853 1946 981 2026 Adam,¹
1004 1950 1045 2011 ita
1069 1956 1102 2012 et
1122 1949 1277 2013 Abrabam
1299 1957 1332 2013 et

90 2036 202 2117 reliqui
223 2034 427 2118 patriarchae,
449 2034 690 2116 bloyses,reges
713 2034 935 2117 etproplietae,
959 2035 1156 2117 quidcunque
1167 2036 1233 2100 Deo
1257 2039 1330 2118 opi-

91 2124 209 2186 tulante
233 2122 395 2184 effecerint
417 2123 520 2203 magni
542 2126 574 2183 et
596 2120 797 2185 admiratione
820 2121 914 2205 digni,
936 2138 999 2184 non
1022 2122 1072 2184 alii
1095 2123 1192 2187 luisse
1215 2123 1334 2186 sistun-

90 2216 150 2287 tur,
175 2212 266 2290 qna'm
288 2207 440 2285 bomines,
463 2225 526 2270 non
549 2206 587 2269 ab
610 2213 682 2270 ente
704 2208 874 2290 superiori,
908 2208 966 2272 sed
988 2226 1006 2270 a
1028 2208 1206 2273 mortalibus
1229 2212 1334 2293 geniti.

91 2296 210 2358 Eodem
233 2294 325 2357 modo
346 2296 450 2356 r'erum
471 2310 620 2356 novarum
643 2300 676 2356 et
707 2294 817 2357 artium
847 2296 982 2358 inventio
1012 2296 1190 2377 simpliciter
1211 2297 1333 2361 descri-

89 2384 190 2461 biter,
225 2388 256 2442 et
278 2381 381 2443 causis
403 2379 597 2442 naturalibus
615 2380 767 2443 tribuitur.
811 2380 864 2445 sto
884 2381 964 2444 Abel
993 2383 1108 2463 primus
1136 2381 1235 2445 luisse
1257 2401 1333 2447 nar-

89 2475 177 2531 ratur
199 2467 300 2530 ovium
322 2473 437 2549 pastor,
462 2465 537 2528 Cain
560 2467 683 2548 primus,
708 2468 761 2547 qui
783 2468 877 2550 ag'ros
901 2467 1013 2547 coluit,
1044 2468 1173 2531 blimrod
1195 2468 1334 2533 tortissi-

89 2572 159 2616 mus
183 2556 318 2632 venator,
340 2553 431 2616 Jubal
460 2554 548 2632 pater
577 2553 750 2615 canentium
784 2552 899 2617 citbara
931 2562 962 2616 et
990 2571 1129 2637 organo,
1163 2554 1331 2621 l'ubaliain

92 2640 253 2701 malleator
272 2645 303 2701 ct
322 2638 412 2701 saber
432 2639 464 2701 in
487 2645 598 2702 cuncto
621 2642 719 2719 opere
741 2640 823 2705 aeris
845 2648 879 2704 et
899 2640 992 2719 serri;
1020 2640 1089 2705 noe
1112 2643 1160 2706 vir
1181 2643 1332 2726 agricola,

92 2726 146 2808 gni
169 2728 271 2808 coepit
291 2730 404 2788 terram
426 2742 577 2788 exercere
599 2733 632 2789 et
652 2726 772 2791 vineam
806 2727 955 2809 plantare.

177 2818 210 2891 y)
232 2814 339 2875 Rotam
362 2814 406 2875 od
425 2831 480 2875 res
500 2814 672 2895 plyaicas:
702 2815 828 2878 aliarum
858 2817 994 2897 gentium
1027 2814 1191 2879 credulitas
1215 2834 1330 2898 super-

92 2899 210 2962 stitiosa
232 2899 330 2962 solem
352 2907 384 2962 et
405 2899 518 2977 lamam,
541 2908 654 2962 terram
676 2906 707 2962 et
728 2918 823 2977 mare,
846 2900 967 2963 flumina
992 2906 1024 2962 ct
1044 2900 1156 2979 lentes,
1180 2903 1276 2966 colles
1301 2910 1333 2965 et

91 2984 207 3062 velles,
244 2986 350 3066 sylvas
373 2992 406 3048 et
425 2992 532 3068 prata,
564 2986 691 3049 arbores
714 2992 746 3048 et
768 2986 844 3050 alias
866 2987 985 3069 plantas
1007 3005 1026 3049 a
1049 2986 1175 3049 deorum
1200 2989 1333 3069 quodam

90 3071 242 3134 habitatas
266 3077 299 3134 et
319 3073 467 3135 animatas
490 3088 562 3136 esse
584 3072 686 3155 lingit3
707 3079 790 3135 astra
811 3074 933 3137 numina
956 3073 1049 3135 babet
1071 3092 1107 3135 ac
1130 3074 1214 3153 colit,
1229 3082 1260 3137 et
1281 3074 1332 3139 vel

90 3158 231 3220 bomines
255 3157 417 3223 defunctos
439 3160 521 3222 inter
540 3159 645 3223 sidera
667 3160 823 3238 collocat,
844 3160 905 3222 imo
936 3160 1202 3223 constellationum
1230 3162 1332 3225 studio

91 3251 185 3325 atquc
207 3246 450 3325 interpretationi
472 3263 735 3329 operamnavarc
755 3263 851 3309 verae
872 3246 1041 3329 sapientiae
1071 3265 1143 3310 esse
1173 3255 1267 3329 putat.
1294 3284 1332 3297 -·

91 3329 207 3392 Verum
229 3330 402 3395 librisacri
423 3332 458 3395 v.
481 3331 629 3407 'batuli
651 3332 777 3396 vesania
800 3334 923 3396 omnino
947 3334 1037 3395 alieni
1071 3334 1172 3398 omnia
1205 3336 1236 3396 in
1259 3334 1332 3419 glo-

91 3419 168 3479 riam
191 3416 248 3479 Dei
271 3424 302 3480 et
324 3419 362 3481 ad
385 3418 540 3482 bominum
562 3419 693 3482 salutem
715 3426 818 3482 ereata
842 3438 914 3484 esse
938 3420 1070 3499 docent,
1112 3427 1143 3483 et
1163 3424 1331 3504 praecipue

89 3502 291 3585 astrologiam
314 3524 351 3567 ac
374 3506 509 3569 siderum
532 3505 645 3567 cultum
678 3512 713 3568 ut
742 3523 849 3569 omnes
883 3507 957 3570 alias
991 3506 1184 3571 idololatriae
1207 3510 1330 3591 species

89 3587 279 3672 impugnant.
310 3590 363 3654 Sic
384 3611 413 3655 v.
437 3611 467 3675 g.
490 3592 642 3655 Jeremias
665 3610 800 3655 coaevos
822 3609 897 3657 suos
920 3599 1025 3656 monet
1049 3593 1099 3673 10,
1123 3595 1166 3673 2.,
1188 3614 1228 3657 ne
1252 3596 1333 3660 coeli

90 3675 181 3758 signa
205 3684 430 3758 expavescant,
472 3696 551 3758 quae
575 3684 724 3741 terrorem
753 3679 902 3741 incutiant
931 3680 1078 3759 ethnicis3
1111 3682 1142 3743 in
1171 3682 1249 3745 libro
1272 3682 1332 3745 lob

94 3758 249 3824 derebus
273 3765 408 3845 physicis
432 3771 463 3826 et
484 3764 516 3825 in
538 3764 643 3844 speeie
667 3765 706 3827 de
729 3765 818 3827 astris
842 3772 902 3827 tam
925 3768 1083 3849 sapienter
1104 3768 1274 3847 disseritur,
1298 3776 1332 3832 ut

91 3845 183 3909 bodie
207 3848 298 3912 etiam
321 3851 454 3914 omnium
476 3850 672 3932 physicorum
695 3856 727 3914 et
749 3858 994 3916 astronomorum
1027 3872 1101 3918 vere
1125 3856 1226 3917 talium
1250 3854 1330 3919 ierat

90 3940 245 4014 punctum.

178 4020 229 4081 Ad
252 4022 279 4084 b.
311 4021 472 4084 Mirocula
493 4021 611 4086 biblico
633 4028 697 4085 toto
730 4023 819 4086 coelo
842 4022 992 4107 differant
1013 4047 1034 4089 o
1052 4027 1208 4107 prodigiis
1232 4028 1330 4091 libro-

89 4124 161 4167 rum
182 4109 387 4186 ethnicorum,
411 4112 479 4171 siae
502 4127 609 4172 eoram
632 4110 777 4189 indolem,
801 4114 867 4175 sice
891 4122 1053 4194 temperet
1072 4114 1167 4192 finem
1189 4117 1330 4196 ipsoram

87 4200 299 4272 patratorum,
324 4198 391 4258 stoc
411 4196 504 4275 fidem
526 4196 568 4256 a‘a's
591 4194 730 4258 bobilam
751 4199 995 4261 consideremus.
1040 4199 1114 4260 Nam

176 4284 210 4355 α)
235 4284 340 4360 quood
361 4283 516 4345 indolere:
538 4282 640 4344 omnia
661 4282 807 4347 miracula
829 4285 940 4347 biblica
950 4284 1016 4346 Deo
1040 4285 1131 4367 digna
1155 4293 1235 4364 sunt,
1261 4280 1328 4369 ejus

89 4370 219 4426 naturae
242 4367 389 4447 spirituali
413 4367 608 4448 conveniunt,
621 4367 751 4451 ejusque
775 4372 926 4434 sanctitati
949 4372 1146 4452 respondent,
1171 4374 1329 4456 dumpro-

90 4448 173 4531 digia
197 4453 355 4534 gentilium
379 4454 614 4520 absurdissimas
645 4456 907 4539 metamorphoses
939 4457 1113 4538 involvunt,
1148 4461 1257 4541 quibus
1287 4462 1329 4525 dii

91 4536 121 4596 in
144 4555 278 4617 perora,
322 4540 461 4605 bomines
483 4544 516 4608 in
537 4560 630 4623 aves,
664 4542 752 4623 lupos
781 4550 814 4605 et
834 4542 947 4624 lloges,
985 4545 1102 4629 lapides
1124 4548 1156 4609 in
1179 4548 1327 4627 bomines,
