2834 4896
148 389 197 453 ue
219 391 348 463 audura
369 388 534 467 spirituali
556 389 722 467 laqueatis,
744 396 901 466 quatenus
923 385 1024 465 mlluit

266 501 312 577 B)
333 502 368 563 iu
390 502 547 563 arationis
566 499 711 578 formam.

642 722 672 789 §.
690 714 743 777 84.

606 868 778 934 Conspectus.

142 1012 243 1085 'Quod
266 1011 306 1073 de
329 1012 447 1074 culturi
469 1012 634 1093 loquentis,
650 1016 801 1092 queamus
823 1011 960 1086 induitin
984 1013 1312 1093 orationismuterism,

83 1093 225 1179 interpreti
258 1116 299 1160 ss.
329 1098 484 1160 literarum
517 1099 697 1160 necessario
729 1097 921 1179 respicienda
956 1097 1097 1176 diximus,
1132 1099 1172 1161 de
1203 1100 1312 1164 eidem

80 1185 158 1245 etiam
179 1184 273 1261 valet,
296 1192 448 1264 austerum
469 1184 568 1247 induit
590 1189 624 1246 ia
647 1188 802 1246 matonis
821 1185 966 1263 farinam,
996 1204 1055 1265 per
1076 1205 1170 1265 quam
1190 1189 1312 1249 iatetli-

74 1272 167 1348 uimur
189 1272 329 1349 capitata
351 1290 505 1351 sensaque
528 1291 589 1333 sua
611 1272 664 1334 cel
684 1273 903 1347 sermonumt
923 1275 1084 1351 scripturi
1105 1274 1310 1353 caprimendi,

72 1376 119 1417 res
151 1357 313 1435 referendi
338 1367 370 1419 et
398 1360 433 1419 ia
461 1376 572 1436 uenere
605 1358 753 1436 loquendi
788 1366 845 1420 aut
876 1357 1036 1419 scribendi
1058 1358 1193 1435 modum,
1236 1358 1312 1420 Nam

71 1442 175 1503 modus
194 1441 365 1517 bic(dictio
386 1450 418 1504 et
432 1444 546 1521 stylus)
560 1450 608 1505 esi
631 1449 758 1504 exterus
782 1442 988 1504 nianilestatio
1011 1444 1149 1505 internae
1172 1444 1312 1506 culturae

71 1528 219 1606 biemrae,
235 1546 316 1609 quae
338 1546 355 1590 a
380 1530 487 1591 mediis
510 1529 652 1591 adhibitis
671 1535 702 1589 et
721 1529 840 1589 unimus
862 1529 1057 1591 facultatibus
1074 1547 1112 1591 ue
1135 1529 1311 1593 conditione

73 1613 236 1693 dependet,
257 1620 289 1675 et
309 1614 440 1695 proinde
463 1616 593 1677 diversis
617 1614 767 1677 aetatibus
785 1622 816 1676 et
828 1615 1016 1697 regionibus,
1041 1616 1071 1676 in
1093 1616 1186 1679 variis
1207 1617 1311 1678 homi-

69 1718 140 1769 num,
171 1700 335 1777 elassibus,
368 1701 429 1763 imo
459 1703 490 1764 in
523 1701 652 1784 siugulis
675 1702 815 1781 personis
839 1702 922 1763 varia
946 1709 1004 1780 ost,
1028 1707 1059 1763 et
1081 1703 1112 1762 in
1135 1702 1311 1766 auctoribus

65 1785 254 1849 bibliuiisut
270 1786 538 1864 nauseantibus
556 1788 680 1871 generis
699 1793 775 1864 erat,
793 1806 829 1847 ac
841 1789 871 1848 in
892 1786 1093 1868 scriptoribus
1110 1788 1208 1850 nostri
1231 1792 1310 1869 aevi,

64 1873 100 1932 sd
126 1871 212 1953 quod
235 1872 261 1933 si
284 1872 333 1934 vel
357 1873 447 1953 plane
470 1892 542 1952 non,
565 1875 616 1936 vel
633 1875 719 1955 justo
743 1874 841 1935 minus
865 1873 991 1935 attendit
1014 1875 1176 1954 interpres,
1198 1874 1231 1936 in
1254 1893 1310 1936 er-

62 1974 154 2019 rores
192 1958 393 2039 gumesimos
430 1960 610 2039 deducatur,
649 1976 783 2021 necessa
817 1967 875 2021 est.
920 1958 957 2021 la
978 1959 1181 2041 sequentibus
1202 1962 1310 2041 itaque

62 2062 216 2124 apemum

151 2128 177 2191 l.
201 2128 249 2193 lte
269 2130 375 2193 indole
397 2132 560 2194 scribendi
580 2135 716 2195 radonis
738 2131 871 2194 biblicae
892 2133 925 2193 in
947 2150 1080 2211 penere5
1102 2130 1174 2193 dein

138 2214 183 2279 ll.
208 2217 252 2279 de·
267 2220 444 2298 impropria
465 2220 591 2280 dicem
612 2222 735 2280 ratione
757 2220 791 2278 ia
813 2220 927 2298 specie,
941 2218 1106 2298 etquidem
1132 2218 1161 2280 l.
1184 2218 1218 2281 in
1239 2221 1312 2281 sin-

198 2304 301 2381 uatis,
336 2303 367 2365 2.
399 2308 434 2367 iu
467 2307 626 2367 coadauis
654 2306 747 2366 dietis
782 2308 839 2379 (a)
861 2304 1027 2386 allegoriis,
1051 2305 1087 2379 b)
1110 2304 1257 2385 symbolis
1279 2312 1312 2368 et

197 2390 288 2471 typis,
310 2395 347 2462 a)
369 2391 522 2471 parabolis
546 2397 577 2452 et
599 2391 741 2465 fabulis);

106 2472 167 2538 itt.
197 2475 239 2537 de
255 2477 399 2555 §nomm

107 2558 165 2623 tt.
199 2562 237 2623 de
258 2562 468 2643 emptoribus,
491 2571 524 2625 et

134 2646 177 2709 Υ.-
197 2649 236 2709 dc
259 2649 340 2709 lacis
365 2648 396 2709 V.
422 2648 454 2711 Τ.
477 2651 511 2712 iu
533 2649 569 2710 Ν.
593 2647 625 2708 ll.
650 2648 772 2709 obviis:

640 2861 667 2927 s.
689 2854 740 2916 85.

308 3005 386 3059 lDo
403 3006 492 3059 indole
510 3007 641 3059 scribendi
659 3008 766 3060 rationis
787 3006 900 3058 biblicae
918 3008 944 3059 in
963 3022 1069 3076 genere.

152 3149 207 3213 Ad
222 3152 309 3229 ,boae
330 3150 549 3215 delineandam
571 3153 733 3231 sequeutia
754 3161 871 3214 sunto.-

75 3280 80 3291 ·
156 3238 187 3301 l.
208 3238 403 3313 Relatiom,
434 3256 516 3317 quas
545 3240 705 3301 conducat
730 3240 827 3317 primi
859 3237 1074 3300 Hebraeorum
1102 3234 1187 3311 libri,
1209 3252 1250 3296 eu
1271 3252 1310 3299 ca

67 3322 264 3388 &scendunt
282 3333 394 3401 aetate,
417 3343 480 3404 qua
501 3343 600 3402 aeuus
622 3322 789 3387 dumaaum
817 3324 921 3385 adbuc
944 3332 1015 3386 erat
1035 3327 1068 3385 ia
1090 3330 1176 3384 statu
1197 3321 1309 3400 insan-

65 3414 138 3487 tiae,
162 3428 203 3471 aa
229 3410 363 3490 proinde
393 3412 426 3472 in
460 3412 565 3488 infimo
594 3410 735 3473 culturae
768 3410 930 3471 liturarios
963 3410 1074 3489 produ,
1107 3418 1137 3470 et
1160 3409 1232 3469 licet
1252 3408 1310 3471 illa

61 3496 191 3577 scripta
217 3498 367 3561 ueritate-r
396 3499 509 3559 summi
537 3498 683 3558 momenti
712 3514 752 3559 ea
782 3498 971 3558 revelatione
1004 3497 1136 3558 banstae
1159 3495 1321 3574 referant,

62 3582 181 3645 modus
206 3590 322 3645 tamen·
344 3583 441 3645 basae
473 3584 672 3661 proponendi
704 3600 798 3662 sempe
829 3600 893 3642 aaa
922 3592 985 3643 tarn
1011 3581 1181 3661 respondet
1201 3596 1310 3643 aarum

57 3670 263 3747 sublimitati,
291 3687 384 3749 auam
407 3669 568 3731 literariae
591 3670 748 3730 bominum
769 3670 858 3729 illins
880 3670 951 3729 aeci
973 3674 1133 3740 culturam
1156 3668 1226 3729 binc

151 3755 184 3817 2.
206 3758 330 3833 partim·
355 3755 394 3815 ab
422 3758 588 3833 penuriam
621 3757 754 3834 linquae,
785 3757 900 3833 partim
930 3772 991 3833 quo
1025 3756 1134 3817 diuina
1156 3754 1308 3816 attributa

54 3858 234 3920 eorumque
255 3839 382 3921 effectus
403 3843 598 3903 sensualium
620 3842 777 3902 bominum
798 3843 906 3919 captui
924 3844 1058 3918 propius
1072 3842 1308 3915 admoveantur,

39 3930 182 4001 parum
203 3928 336 4006 denique
369 3927 413 3988 ad
440 3946 496 3987 eas
529 3946 717 4005 supremum,
750 3927 1006 4005 beuipnissimam
1040 3932 1175 3988 arternum
1207 3924 1307 3986 bono-

45 4027 135 4075 rum
155 4020 326 4089 auctorem,
349 4012 476 4075 Patrem
498 4017 685 4077 tenerrimae
707 4014 932 4075 sollicitudinis
953 4023 982 4075 et
993 4014 1148 4091 objectum
1169 4030 1308 4073 surianae

38 4100 279 4162 uenerationis
306 4118 345 4161 aa
374 4098 553 4162 dilectionis
585 4119 683 4179 super
704 4101 811 4160 omnia
831 4100 970 4161 sibidius
998 4097 1311 4178 repraesentandum,

29 4196 217 4265 perquam
241 4184 423 4265 frequenter
452 4189 488 4249 in
514 4205 559 4247 ss.
594 4186 697 4247 literis
728 4194 898 4247 accurrunt
927 4186 965 4246 de
995 4186 1060 4246 Deo
1084 4186 1307 4262 expressiones

151 4276 192 4346 a)
207 4272 551 4351 anthropomorpbicae,
563 4274 757 4351 quatenusei
767 4271 992 4333 adscribuntur
1010 4271 1116 4349 forma
1127 4279 1157 4332 et
1169 4268 1309 4333 membra

45 4358 212 4435 corporis
242 4357 392 4419 numani:
425 4359 520 4434 oculi,
553 4375 659 4433 aures,
692 4377 739 4433 os,
774 4375 894 4433 manus,
914 4357 1030 4437 pedes;
1052 4374 1080 4416 v.
1105 4375 1133 4438 g.
1180 4354 1307 4433 ,Manus

43 4432 186 4503 Domini
207 4442 309 4525 tetigit
330 4442 398 4505 me“
422 4442 493 4504 lobi
530 4442 578 4520 19,
608 4443 679 4520 21.;
705 4444 755 4524 ,iu
778 4460 883 4505 manus
907 4448 974 4504 tuus
1006 4441 1186 4504 commendo
1210 4441 1305 4523 spiri-

47 4525 158 4591 litum
180 4528 303 4591 meum“
325 4529 372 4593 ΡΙ.
396 4528 449 4609 31,
471 4529 520 4606 6.;

497 4701 564 4724 Δι-
