2834 4896
84 386 134 451 alii
163 402 242 449 vero
271 384 406 467 mythum
437 381 682 467 philosophicum
705 381 826 446 abillis
857 381 1082 466 excogitatum,
1106 381 1158 464 qui
1180 382 1212 446 in
1233 382 1268 445 V.
1291 383 1326 446 Τ.

83 475 169 538 libris
192 474 384 551 invenerant,
413 471 542 554 Moysen
566 478 596 535 et
617 470 714 533 liliam
736 468 780 532 40
802 469 868 532 dies
887 471 1059 553 jejunasse,
1089 468 1223 553 indeque
1246 487 1327 532 con-

84 563 263 637 cluserunt,
297 559 403 622 desum
439 576 582 642 quoque,
605 563 639 619 ut
660 555 750 619 ideae
784 557 917 619 Messias
948 555 1172 636 responderet,
1206 575 1263 638 per
1284 554 1329 620 to

82 647 193 712 saltem
228 647 295 709 dies
324 646 468 727 jejunare
498 651 530 707 et
559 642 712 706 diabolum
745 641 872 705 vincere
907 642 1063 705 debuisse.
1107 641 1202 706 Simili
1235 642 1327 706 modo

82 738 255 797 tractarunt
286 749 341 809 ea,
374 749 454 812 quae
484 731 524 795 de
553 731 681 793 loannis
711 728 744 791 B.
768 735 800 791 et
822 728 934 792 Christi
966 729 1143 807 nativitate,
1177 729 1216 791 de
1249 728 1326 792 lesu

82 820 248 902 baptismo,
269 817 548 902 transfiguratione,
570 817 801 881 resurrectione
824 822 856 878 et
878 815 1062 879 ascensione
1086 814 1216 899 aliisque
1239 815 1326 879 simi-

82 906 164 969 libus
186 906 340 988 leguntur.

172 1018 403 1080 decentissima
435 1025 536 1081 aetate
565 1014 623 1078 Dr.
646 1020 779 1079 Strcuss
808 1017 966 1095 inopere
1000 1031 1084 1077 suo:
1116 1013 1202 1093 ,Dos
1223 1012 1328 1077 beben

83 1104 182 1170 Jesu“
207 1112 305 1167 totam
333 1104 500 1167 historiam
530 1103 744 1184 euangelicum
764 1103 798 1164 in
819 1102 956 1183 mythum
987 1108 1169 1166 conuertere
1192 1100 1328 1165 adnisus

82 1200 149 1268 est,
185 1197 217 1254 et
251 1191 336 1272 quod
368 1190 470 1253 adbuc
504 1190 613 1253 deesse
640 1188 822 1265 uidebatur,
856 1186 965 1251 Brona
987 1185 1112 1264 Bauer,
1145 1186 1327 1270 Fegerbccb

85 1278 209 1341 Weisse
239 1286 270 1341 et
298 1277 358 1340 alii
391 1277 538 1359 supplere
571 1283 760 1356 sategerunt.
804 1274 856 1336 Dr.
880 1274 1002 1339 Strauss
1022 1273 1179 1336 nimirum
1212 1273 1330 1337 sibiet

84 1364 152 1428 aliis
189 1362 381 1447 persuadere
416 1369 560 1440 conatur,
597 1360 704 1425 lesum
737 1360 866 1424 aliorum
899 1358 1054 1423 hominum
1087 1359 1179 1423 modo
1212 1367 1328 1439 natum,

84 1448 278 1514 Nazaretbae
312 1449 491 1530 educatum,
525 1467 544 1513 a
576 1446 697 1513 loanne
730 1448 915 1528 baptizatum
948 1445 1116 1530 discipulos
1151 1446 1229 1511 colle
1253 1447 1327 1525 isse,

83 1534 278 1601 Palaestinae
300 1536 448 1619 regiones
471 1535 634 1599 docentem
655 1551 851 1620 peragrasse,
868 1532 988 1618 placitis
1010 1532 1191 1617 pharisaicis
1255 1532 1328 1615 ique

88 1624 186 1687 mmet
208 1622 394 1705 opposuisse
417 1628 449 1684 et
470 1622 508 1685 ad
530 1640 660 1705 regnum
694 1622 880 1685 messianum
912 1620 1071 1701 invitasse,
1094 1618 1236 1701 deniqne.
1250 1634 1328 1682 vero

86 1708 156 1773 odio
181 1715 215 1772 et
236 1706 370 1772 invidiae
392 1708 486 1790 partis
508 1706 700 1793 pharisaicae
731 1706 982 1771 succumbentem
1003 1706 1035 1767 in
1058 1722 1153 1769 cruce
1175 1702 1332 1771 mortuum·

88 1814 176 1872 esse;
201 1813 379 1877 quaerero
402 1796 529 1877 insuper
550 1794 590 1857 de
613 1812 651 1857 eo
675 1793 918 1858 extraordinaria
941 1792 973 1857 in
994 1791 1180 1875 Evangeliis·
1193 1798 1331 1877 naman-⁸

87 1884 144 1962 tur,
165 1880 243 1944 mhil
266 1898 350 1961 esse,
371 1882 432 1944 nisi
454 1880 659 1946 additamenta
692 1876 880 1945 asseclarum
902 1878 981 1961 ejus,
1013 1878 1173 1942 involucra
1195 1876 1330 1961 mythico

87 1987 126 2031 ex
147 1966 221 2032 idea
245 1969 377 2037 Messias
401 1975 478 2032 orta.
523 1968 634 2033 Statuit
665 1985 792 2050 nempe,
822 1975 857 2031 ut
877 1964 1033 2049 quaelibet
1064 1982 1162 2051 gens,
1198 1963 1330 2049 quaeris

85 2054 219 2139 religio,
249 2054 293 2117 ita
323 2062 355 2118 et
383 2054 527 2138 populum
558 2060 589 2119 et
617 2052 800 2137 religionem
831 2050 1072 2116 Christianorum
1105 2066 1180 2116 suos
1212 2051 1330 2115 babere

85 2142 228 2225 mythos,
261 2141 313 2223 qui
342 2143 484 2224 sequenti
506 2138 598 2204 modo
622 2141 681 2204 orti
704 2140 782 2204 sint:
805 2139 895 2203 Primi
919 2137 1082 2201 Christiani
1107 2137 1195 2221 juxta
1224 2134 1331 2221 typubi

84 2226 119 2291 V.
142 2228 177 2291 Τ.
201 2233 233 2290 et
255 2228 432 2313 theologiae
450 2226 596 2311 judaicae
619 2261 660 2274 —
682 2226 770 2289 ideas
792 2227 964 2289 messianas
987 2224 1127 2289 doctrina
1138 2225 1214 2289 Jesu
1237 2222 1331 2286 cxci-¹

85 2318 167 2378 tatas
190 2313 249 2381 sibi
272 2312 480 2392 efformarunt,
504 2320 545 2394 et,
569 2310 640 2395 quia
661 2312 801 2376 homines
835 2318 923 2376 erant
943 2310 1098 2390 rudiores,
1122 2328 1183 2394 quo
1206 2309 1328 2374 facilius

87 2418 142 2464 eas
167 2400 384 2482 exprimerent,
406 2402 438 2464 in
455 2400 561 2464 lesum
582 2398 812 2478 transtulerunt,
835 2398 877 2461 ita
891 2405 933 2460 ut
954 2398 1135 2462 successive
1158 2399 1225 2481 ejus
1250 2412 1330 2460 ena-¹

86 2494 231 2551 sceretur
244 2487 400 2571 historia,
433 2487 531 2570 qualis
558 2486 753 2555 ¹describitur
784 2485 817 2548 in
839 2491 972 2565 quatuor
1004 2484 1117 2547 nostris
1140 2482 1331 2567 livengeliis,¹

90 2590 173 2655 quae
204 2572 322 2637 demum
354 2572 456 2637 medio
487 2572 614 2637 saeculo
636 2572 693 2652 ll.,·
707 2589 793 2655 ·ergo
807 2592 811 2599 ·
824 2576 962 2654 tempore
997 2566 1140 2634 ¹coniecta
1162 2571 1241 2650 sint,
1266 2585 1327 2653 quo

90 2676 185 2722 nemo
207 2660 330 2743 emplius
363 2666 507 2723 accurate
536 2661 632 2737 norit,
646 2656 725 2743 'quis
748 2664 780 2722 et
801 2658 900 2742 qualis
923 2656 1016 2722 luerit
1036 2655 1140 2739 lesus,
1164 2673 1226 2741 quo
1249 2670 1328 2740 ergo

89 2745 314 2810 narrationibus
343 2746 422 2810 lictis
455 2745 545 2810 facile
576 2744 769 2810 tribuebatur
792 2744 887 2825 fides,
911 2752 960 2823 et,
988 2762 1068 2828 quae
1091 2744 1128 2809 ab
1150 2743 1237 2807 initio
1267 2759 1331 2805 non

87 2838 187 2913 erant,
210 2832 268 2896 nisi
300 2833 437 2897 ideamm
469 2833 641 2912 involucra,
676 2838 806 2897 eventus
828 2834 895 2895 veri
916 2829 1119 2899 habebantur.
1162 2828 1332 2912 Evangelio

86 2926 196 2983 nostra
217 2936 280 2983 non
303 2937 379 2983 esse
398 2919 582 2998 authentica,
601 2917 660 2983 sed
682 2920 782 2982 serius
805 2917 926 2982 demum
949 2915 1101 2997 conlecta,
1117 2916 1331 2980 demonstrare

87 3004 249 3069 adlaborat
280 3024 321 3069 ex
350 3004 475 3070 deiectu
506 3004 751 3070 testimoniorum
783 3001 978 3069 indubiorum
1007 3020 1027 3065 e
1054 3003 1182 3067 saeculo
1211 3000 1234 3064 l.
1258 3009 1331 3065 ete

86 3084 185 3175 priori
206 3098 294 3176 parte
306 3090 376 3165 -llt'3
400 3111 437 3156 ea
460 3110 523 3156 non
553 3093 712 3156 continere
744 3090 903 3154 historiam
923 3107 1039 3168 veram,
1060 3088 1120 3153 sed
1141 3108 1160 3153 a
1180 3086 1330 3173 pluribus,

86 3196 105 3241 a
128 3177 321 3243 seinvicem
351 3177 629 3261 independentibus
662 3176 774 3257 ictam,
795 3183 904 3259 patere
926 3175 1091 3240 arbitratur
1113 3194 1154 3241 ex
1173 3174 1330 3240 miraculis

84 3264 229 3343 narratis,
242 3281 322 3348 quae
339 3273 466 3329 naturae
480 3266 562 3329 vires
577 3264 754 3348 superantia
765 3263 963 3347 impossibilia
976 3262 1047 3340 sint,
1064 3269 1148 3327 etex
1158 3260 1327 3325 innumeris

87 3351 201 3435 pugnis
222 3350 485 3434 Evangetistarum
518 3368 581 3415 nnn
602 3356 719 3415 tantum
751 3350 832 3421 inter
852 3366 899 3431 se,
931 3347 989 3419 sed
1011 3349 1102 3415 etiam
1126 3366 1196 3412 cum
1218 3346 1329 3431 prola·

88 3454 201 3502 norum
224 3438 424 3502 relationibus
447 3438 508 3502 lide
531 3437 643 3522 dignis.

88 3616 92 3621 ,
176 3543 251 3631 lpse'
270 3550 391 3617 Strauss
414 3551 536 3634 mythos
558 3550 594 3615 N.
616 3550 649 3615 Τ.
673 3546 720 3615 sic
752 3547 875 3633 quidem
905 3546 1026 3612 delinit:
1059 3544 1120 3628 ,Es
1153 3546 1195 3611 ist
1225 3546 1326 3613 nichts

85 3632 235 3707 Anderes
257 3644 348 3700 nnter
379 3637 472 3701 ibnen
507 3654 547 3700 au
568 3635 745 3715 verstebeu,
768 3636 813 3699 als
842 3634 1103 3719 geschicbtartige
1123 3632 1331 3719 Einkleidung

88 3720 324 3787 urcbristlicher
344 3722 449 3803 ldeen,
473 3723 610 3807 gebildet
630 3724 662 3786 in
686 3722 742 3785 der
764 3721 930 3787 absiobtlos
953 3721 1140 3789 dichtendeu
1158 3720 1259 3804 Sage“
1275 3716 1330 3797 *);

86 3813 138 3873 ast
153 3825 210 3888 per
232 3808 396 3873 decursum
412 3812 515 3893 operis
531 3810 576 3874 eis
600 3810 689 3873 etiam
712 3808 843 3889 fabulas,
860 3806 1103 3873 narratiunculas
1116 3806 1332 3887 (Aneodoten)

87 3898 121 3955 et
144 3891 290 3959 historias
314 3914 355 3959 ex
376 3896 493 3959 incerta
528 3895 608 3960 fama
642 3901 743 3974 ortas,
775 3903 828 3959 aut
846 3896 935 3975 juxta
956 3894 1045 3960 ideas
1068 3895 1103 3958 V.
1126 3894 1159 3957 Τ.
1184 3886 1333 3959 confictas

87 3979 280 4061 adnumerat,
292 3982 400 4065 sicque
424 3984 482 4047 sibi
501 4000 565 4046 non
586 3988 733 4047 constans
756 3988 814 4045 est
837 3981 1050 4065 Interpretatio
1073 3982 1176 4063 itaque
1198 3978 1332 4061 mythica

86 4062 132 4127 De
152 4064 277 4131 Strauss
301 4075 350 4133 est
371 4067 421 4132 illa
444 4087 469 4133 s.
493 4066 677 4152 Sc'ripturam
713 4067 863 4133 tractandi
895 4069 984 4148 ratio,
1018 4086 1077 4149 pua
1101 4064 1331 4131 ex·involueris

86 4148 239 4217 historiae
263 4153 390 4219 formam
412 4155 630 4234 referentibus,
641 4162 734 4239 atque
757 4172 797 4221 ex
818 4155 937 4220 incerta
959 4153 1038 4217 lama
1056 4159 1088 4216 et
1108 4152 1233 4219 bobone
1254 4150 1330 4219 ortis

86 4234 181 4303 ideae
204 4238 305 4305 nudae
328 4249 360 4306 et
382 4240 462 4307 iacta
485 4241 638 4307 ordinaria
660 4241 872 4308 enucleantur.
895 4276 937 4289 -
958 4240 1072 4305 Verum

128 4527 161 4592 θ)
179 4523 200 4577 l.
219 4523 275 4581 tlt
293 4526 320 4581 S.
337 4528 380 4581 56.
403 4530 426 4583 1.
443 4527 511 4587 tut.
