2834 4896
47 109 144 192 idque
177 126 218 172 eo
249 109 367 192 magis,
400 127 469 173 eum
502 105 642 173 omnibus
671 124 783 171 sensus
812 107 978 189 speciebus
1010 108 1152 188 superius
1175 114 1220 185 (ς
1243 111 1289 188 5.)

47 190 202 273 indiculis,
224 213 285 257 nec
312 213 374 257 non
407 196 513 259 sensui
536 192 686 257 catholieo
718 193 799 255 omni
822 213 863 257 ex
884 200 971 275 parte
993 195 1221 257 accommodata
1239 198 1288 275 sit,

48 288 80 344 et
95 283 197 363 ipsam
219 282 511 362 interpretationem,
532 296 676 363 supremo
692 279 842 361 principio
861 278 1109 362 respondentem,
1121 281 1289 346 historico·

47 368 185 450 logicam
208 367 439 430 nominabimus.

623 596 650 665 s.
673 589 725 653 24.

354 743 571 797 llermenoutieae
588 741 700 794 biblicae
719 744 831 810 pruritu
849 751 875 794 et
893 742 994 796 utilitas,

136 906 244 969 Sucro
264 903 432 983 Scriptura
454 905 621 965 historiam
642 922 770 965 sacram
785 912 815 965 et
831 904 1007 966 doctrinam
1029 905 1200 966 revelatam
1216 925 1296 968 cen-

53 996 144 1069 tinet,
175 1010 274 1071 queas
303 992 363 1053 rite
396 1008 587 1069 eopnoscere
609 992 713 1052 cuiuis
738 989 921 1052 Christiane
944 993 978 1051 in
998 993 1083 1052 cotis
1106 1010 1176 1053 csse
1199 992 1297 1069 debet,

53 1091 203 1159 atquem
223 1087 372 1139 accurate
394 1077 552 1155 capsitano
573 1076 698 1152 babere,
730 1086 814 1137 recte
847 1078 1008 1156 applicare
1038 1078 1199 1158 solideque
1221 1079 1297 1139 uin-

55 1167 163 1229 dicare
185 1164 230 1225 ed
251 1163 455 1224 sanctissime
477 1162 613 1241 tisulopi
635 1161 740 1242 officie
759 1164 905 1241 pertinet.
951 1163 1066 1224 Exstat
1081 1172 1182 1225 tamen
1205 1163 1300 1226 simul

59 1254 168 1331 limpud'
188 1251 248 1312 tali
268 1251 400 1327 scripte,
423 1266 501 1328 puae
524 1267 545 1309 u
567 1253 678 1311 nostrd
701 1257 750 1309 est
770 1249 1010 1323 diuersissima;
1032 1250 1113 1330 stylo
1136 1259 1297 1330 conceptu,

59 1340 108 1418 psi
127 1354 194 1398 non
215 1335 331 1414 ulique
353 1353 533 1397 communes
554 1337 696 1414 sequitur
719 1336 823 1413 lepes;
851 1343 1020 1414 praeterea
1041 1338 1075 1397 in
1096 1354 1188 1398 usum
1211 1338 1300 1416 ejus-

56 1423 139 1484 modi
162 1423 316 1484 lectorum
347 1421 491 1499 proxime
524 1429 669 1497 saerata,
693 1423 746 1499 qui
761 1423 833 1500 jam
855 1422 992 1498 aliunde,
1016 1424 1083 1482 siue
1105 1442 1146 1484 em
1164 1426 1299 1503 proprio

56 1529 124 1584 usu,
148 1510 218 1569 siue
240 1526 281 1568 eu
303 1507 438 1567 eliorum
460 1508 656 1568 institutione
677 1510 753 1569 ried
774 1522 851 1567 eece
870 1508 959 1586 feetd
989 1508 1047 1568 ille
1078 1516 1299 1587 comederant,

57 1614 134 1676 quoe
158 1594 273 1657 lectori
288 1593 331 1653 ed
345 1611 415 1653 earu
428 1594 487 1672 rite
510 1593 743 1672 intellipendem
758 1595 840 1654 scitu
862 1594 996 1654 menime
1019 1597 1203 1655 necessarie
1218 1603 1300 1656 sunt.

56 1683 135 1745 Hinc
158 1681 270 1742 mirum
291 1697 355 1740 non
377 1687 435 1755 est,
456 1679 514 1739 cie
534 1680 632 1740 ullum
653 1681 832 1758 praviorem
853 1680 993 1758 reperiri
1021 1677 1134 1756 locum,
1162 1682 1215 1760 qui
1237 1698 1301 1741 nen

57 1767 298 1841 demmsmmis,
315 1774 345 1826 et
358 1765 423 1826 sibi
441 1764 538 1844 pleae
561 1766 733 1827 contrariis
756 1766 857 1826 medis
879 1769 1042 1845 sepositus
1065 1775 1155 1827 esset.
1178 1764 1229 1828 Eu
1252 1767 1302 1827 iis

57 1857 135 1934 ipsis
159 1870 237 1915 cere
257 1850 354 1929 fusile
377 1852 579 1931 capnosciter
600 1854 744 1932 pronitas
766 1861 797 1912 et
817 1853 942 1914 utilitas
978 1852 1077 1931 lepram
1113 1852 1300 1929 solidarum,

59 1960 134 2020 qaue
158 1947 278 2001 eertum
300 1944 458 2016 uimque
480 1945 656 1999 monstrant
676 1940 769 2013 uiam,
801 1956 863 2017 pue
891 1956 999 1999 errore
1023 1941 1137 2000 coitate
1161 1938 1203 2000 ed
1224 1952 1301 2000 sert·

60 2047 109 2090 sus
131 2045 180 2089 ss.
205 2023 360 2086 librorum
381 2024 591 2102 capnitionem·
611 2029 654 2085 sit
671 2025 926 2102 perveniendum.

141 2110 215 2191 obj.
239 2109 268 2173 l.
290 2109 388 2171 Etiam
418 2110 486 2170 sine
517 2109 598 2170 clara
630 2115 662 2170 et
683 2110 879 2188 systematica
912 2109 1088 2191 regularum
1123 2109 1301 2193 cognitione

60 2199 121 2262 beri
144 2202 263 2279 potest,
284 2203 319 2257 ut
340 2212 451 2257 sensus
473 2194 627 2274 lequientis
651 2195 774 2276 saepius
797 2194 974 2257 felicissime
1005 2197 1178 2257 inveniatur
1200 2214 1302 2277 expo-

60 2293 231 2364 mturque,
255 2287 287 2343 et
307 2280 431 2344 fuerunt
463 2282 506 2342 uti
528 2282 559 2343 in
590 2282 671 2342 omni
703 2288 767 2342 arte
791 2287 823 2342 ct
844 2280 1021 2363 disciplina,
1045 2283 1086 2344 ita
1110 2284 1200 2344 etiam
1223 2283 1303 2344 inter

60 2373 255 2453 interpretes,
279 2368 424 2449 quiante
447 2368 599 2428 inventam
623 2367 882 2449 interpretationis
905 2368 1055 2430 tlieoriam
1077 2370 1109 2430 in
1132 2375 1302 2447 auctorum,

63 2466 88 2520 et
106 2461 141 2521 in
166 2455 276 2537 speeie
298 2455 329 2515 in
352 2472 394 2516 ss.
417 2453 562 2516 librorum
584 2454 853 2535 interpretatione,
878 2454 946 2517 solo
968 2456 1097 2517 naturali
1120 2455 1190 2517 veri·
1208 2472 1304 2518 sensu

63 2544 153 2622 ducti,
178 2540 310 2624 egregie
332 2541 446 2602 versati
469 2547 549 2617 sunt,
572 2539 654 2602 unde
685 2541 936 2621 hermeneuticae
969 2542 1099 2604 biblicae
1131 2542 1303 2605 necessitas

64 2629 227 2693 admodum
249 2626 473 2709 problematice
490 2626 637 2688 redditur.

145 2717 243 2794 liesp.
265 2718 306 2788 a)
328 2713 460 2776 &rhedis
489 2715 557 2775 ceri
588 2732 720 2789 sensus,
752 2715 805 2792 qui
836 2721 938 2774 temen
961 2715 1017 2775 eie
1039 2715 1073 2774 in
1094 2714 1201 2775 multis
1224 2714 1304 2775 adeo

64 2806 162 2884 eipct,
196 2810 232 2863 ut
261 2799 340 2861 duce
374 2818 484 2861 carere
517 2800 639 2877 possit,
675 2801 850 2877 scientifici
881 2808 912 2883 et
940 2801 1092 2878 explicite
1124 2800 1304 2879 reportarant

63 2887 365 2951 termemeutioerum
398 2888 573 2965 capnitione
596 2904 658 2945 non
690 2887 906 2965 supprimitur,
929 2886 986 2946 sed
1007 2888 1133 2948 aeuitur
1154 2896 1184 2947 et
1205 2884 1304 2946 rebo-

64 2986 172 3048 ratur;
204 2973 242 3048 b)
265 2973 316 3032 uel
337 2971 376 3033 ab
399 2972 482 3044 illis,
504 2972 558 3051 qui
579 2972 638 3032 tor
660 2974 729 3033 ueri
750 2990 847 3033 sensu
865 2973 1006 3051 praediti
1028 2980 1116 3049 sunt,
1147 2991 1305 3053 nunquam

61 3064 187 3140 penitus
210 3059 302 3121 abest
321 3060 441 3119 erroris
461 3058 647 3136 perieulum,
670 3058 755 3136 qued
775 3076 812 3118 ec
845 3059 959 3135 majus,
982 3075 1040 3136 que
1062 3059 1253 3136 implicatior
1276 3068 1307 3120 et

65 3148 231 3210 obscurior
263 3154 311 3206 est
341 3145 430 3205 loeus
459 3145 511 3206 ccl
543 3143 623 3203 liber
655 3143 930 3223 interpretandus;
952 3145 1084 3222 denique
1114 3149 1150 3219 a)
1173 3153 1305 3206 centro·

64 3236 185 3296 versiae
199 3232 238 3293 de
261 3248 357 3291 seusu
379 3249 422 3292 ss.
440 3224 601 3291 literarum
623 3240 711 3291 ortae
734 3230 852 3308 absque
874 3231 972 3290 certis
994 3229 1167 3309 solidisque
1185 3233 1305 3311 repulia

65 3319 217 3381 adbibitis
247 3335 405 3397 numnam
435 3316 540 3376 dirirm
567 3324 732 3395 poterunt,
763 3317 914 3397 queniam
934 3316 1065 3395 quisque
1087 3335 1216 3379 sensum
1237 3319 1306 3380 ucri

66 3404 306 3467 subtilissimum
327 3401 391 3463 sibi
412 3402 616 3481 adjudicabit.

149 3489 222 3570 obj.
254 3488 285 3551 2.
327 3487 385 3550 Ast
418 3505 480 3549 non
514 3487 654 3549 obstante
688 3487 936 3561 hermeneuticae
970 3487 1101 3549 biblicae
1138 3494 1304 3568 systemate

66 3578 177 3639 nostris
201 3574 391 3655 temporibus
414 3574 489 3636 satis
512 3572 636 3634 exculto
659 3575 789 3635 maxima
811 3566 982 3637 adhucdum
1013 3575 1098 3655 viget
1119 3574 1304 3655 interpreta-

66 3663 182 3725 tionum
214 3661 347 3722 uarietas
379 3666 411 3723 et
432 3665 515 3721 tanta
538 3657 671 3738 quidem,
705 3664 739 3720 nt
759 3660 812 3720 vix
847 3659 931 3722 nllus·
959 3660 1039 3722 adsit
1061 3661 1186 3742 gravior
1206 3659 1304 3736 locus,

67 3751 114 3828 qui
137 3766 205 3810 non
228 3765 246 3808 a
268 3742 400 3808 diuersis
429 3744 646 3826 interpretibus
669 3744 766 3807 modis
798 3746 900 3824 uariis,
932 3747 992 3808 imo
1023 3744 1112 3827 plane
1144 3746 1304 3807 contrariis

67 3840 257 3917 exponatur3
279 3832 361 3894 unde
395 3829 592 3895 manifestum
613 3828 656 3909 ut,
690 3831 950 3894 hermeneutlcam
982 3828 1123 3894 biblicam
1167 3848 1207 3892 on
1232 3849 1304 3894 esse

67 3938 197 4004 magnae
221 3918 366 3981 utilitatis.
499 3998 502 4003 Ι

150 4007 247 4085 Resp.
269 4009 309 4080 d)
331 4002 373 4065 st
388 4000 585 4082 interpretes,
598 4004 655 4083 pul·
672 4022 736 4065 non
758 4004 874 4079 eadem,
888 4023 944 4066 nce
966 4008 1023 4064 set
1038 4001 1144 4063 solida
1166 4012 1196 4064 et
1214 3996 1307 4081 firma

68 4092 341 4173 interpretationis
366 4092 533 4170 principie·
549 4098 730 4168 sequenter,
764 4091 815 4151 vel
846 4089 886 4151 ab
916 4091 1064 4162 inuicem,
1094 4087 1151 4148 eel'
1177 4088 1306 4151 abillis

68 4178 249 4254 decedunt·
268 4179 327 4256 pst
341 4177 469 4239 timoris·
486 4178 577 4237 omni·
593 4178 777 4255 exceptione
798 4178 913 4253 meJ'cri
941 4182 1093 4235 utuntur:
1115 4192 1173 4236 nee
1196 4178 1307 4237 mirum

68 4265 123 4326 boc
156 4281 249 4338 esse,
282 4280 381 4342 neque
415 4263 588 4324 contendes
617 4271 746 4323 uestrae
769 4263 806 4323 dc
828 4262 1073 4321 bermeneuticee
1109 4262 1251 4324 utilitate·
1277 4264 1312 4322 ct
