2834 4896
61 100 175 177 ms,
197 100 275 181 quio
294 101 331 163 ist
349 118 394 163 ss.
411 98 505 162 lihrts
526 100 641 161 steorte
660 100 927 181 Atreumquue
947 102 1035 181 opust
1052 120 1116 167 nos
1134 108 1194 167 out
1212 102 1308 183 plone

59 204 137 263 sora·
171 186 320 249 sut'olio
349 188 443 249 ¹ritorto
476 188 624 249 metunt.
668 184 720 251 Sic
742 205 771 250 v.
794 204 827 269 g-
849 187 900 250 cui
921 192 1075 253 structum
1097 188 1305 253 aedificiorum

59 272 266 352 orientalium,
287 268 324 337 et·
340 268 374 335 in
395 271 813 354 speciellehrauorumnon·
828 272 951 337 elimrde
973 274 1098 359 cognita
1119 281 1178 354 est,
1199 292 1307 357 parum

58 358 202 438 proficiet
234 360 265 422 in
298 358 485 440 explicandis
518 359 596 422 locis
620 360 728 422 Psalm.
753 358 824 436 128,
847 358 877 421 6.
901 356 930 421 7.
953 358 1004 425 112
1028 360 1080 441 10,
1102 362 1154 425 28.
1177 362 1230 440 24,
1256 359 1306 424 tt.

57 445 111 506 hir.
137 445 170 524 2,
194 445 226 508 4.
272 446 415 509 Similiter
441 446 493 528 qui
515 446 646 528 ignorat,
670 464 820 526 quaenam
843 452 875 508 et
896 445 1005 529 quales
1026 466 1078 511 res
1100 448 1307 531 intelligantur

58 546 114 612 per
135 532 246 610 κρίσιν,
282 533 435 617 συνέδριον
457 539 489 595 ct
510 534 635 611 γέενναν,
658 551 715 614 per
736 535 882 612 ἐγκαίνιαν
905 539 937 597 ct
957 552 1011 612 την
1031 537 1178 614 νηστείαν,
1201 552 1305 614 nequo

56 617 845 770 gerganmsnffinpfflrgcoggnigrniagss.
868 620 915 768 ll
941 618 993 773 ¹2⁰6
1016 620 1141 786 21223,
1157 619 1301 773 {llll

56 748 107 869 25,
133 752 275 855 lli-mlh
299 751 486 865 thaes'arem·
503 752 648 873 appello).
683 750 693 785 '
737 753 746 767 ⁹
842 752 849 767 ⁸
916 754 925 786 ⁹
993 755 1000 769 .
1050 727 1105 821 οἱ·
1200 754 1208 769 .
1292 752 1302 769 ο

143 896 175 957 5.
200 894 344 959 ῦννάἱιίο
376 906 439 959 tom
472 894 614 973 interno,
637 914 730 979 poem
745 905 882 985 estune
908 914 1134 978 personarum,
1157 886 1303 979 udonus

57 990 86 1044 et
107 980 149 1045 de
170 982 287 1063 quibus
304 985 344 1063 fit
363 1000 476 1055 serore.
509 983 578 1047 Huc
599 1002 675 1047 vero
695 985 842 1064 mprtmts
863 984 1028 1063 referendo
1049 993 1124 1047 sunt
1143 984 1304 1065 copituudt'

57 1068 274 1151 senfieudipue
305 1070 410 1146 ratio„
437 1070 648 1151 praepositatu,
680 1070 848 1132 character
868 1070 1011 1151 morulis,
1033 1089 1138 1134 mores
1160 1090 1198 1133 ec
1221 1089 1301 1134 cen·

60 1154 252 1233 suessanus,
265 1150 344 1234 'suto
374 1154 520 1237 [octoque
552 1156 680 1219 illorum
708 1174 928 1239 personarum.
971 1156 1017 1220 De
1051 1158 1137 1221 hisee
1168 1159 1250 1221 idern
1272 1164 1304 1221 et

62 1240 174 1303 iisdem
198 1258 240 1305 ee
262 1245 372 1305 causis
401 1244 496 1321 votet,
519 1244 603 1327 quod
624 1245 661 1306 de
683 1244 779 1306 rehus
801 1244 925 1307 biott'cis
948 1242 1207 1317 observantiarum
1228 1262 1301 1307 uum

61 1327 155 1388 etiem
174 1329 282 1409 quood
302 1326 511 1393 conditionem
529 1340 593 1393 tum
615 1332 780 1403 internum,
797 1346 889 1411 worn
912 1339 1073 1393 externam
1090 1349 1302 1411 personarum

57 1413 206 1476 diemsue
232 1421 369 1493 aetates,
399 1420 544 1497 septenes
567 1418 712 1479 diuersus
733 1419 795 1478 inno
818 1427 850 1479 et
870 1418 989 1481 diuersi
1010 1418 1151 1480 homines
1173 1419 1302 1480 multum

55 1498 97 1561 uh
120 1500 257 1563 inuicem
289 1500 458 1585 differunt;
485 1513 653 1585 praetereo
688 1502 848 1584 loquentes
879 1506 913 1565 in
946 1522 990 1566 ss.
1016 1505 1118 1566 literis
1148 1504 1303 1582 ejusmodi

51 1602 268 1667 personnarum
290 1589 442 1669 adjutum
462 1610 527 1653 non
547 1608 624 1653 roro
647 1598 766 1652 tanturn
788 1592 952 1670 uttinpuut,
968 1589 1020 1653 eel
1040 1590 1142 1652 obiter
1162 1607 1301 1652 comme-

56 1682 195 1751 morant,
209 1676 264 1737 eet
277 1672 317 1745 uh
339 1676 406 1739 iltis
428 1678 627 1741 occasionum
641 1684 674 1739 ct
686 1680 803 1739 motion
824 1678 950 1741 dicendi
968 1676 1132 1756 ipsiusque
1156 1676 1303 1757 loquendi

53 1758 142 1822 modi
162 1758 340 1825 nemmem.
384 1760 436 1827 Sic
457 1782 486 1826 u.
509 1782 539 1847 g.
573 1762 667 1826 verba
697 1759 765 1824 Act.
784 1762 840 1840 -21,
863 1763 935 1826 25.ε
971 1760 1168 1843 „Disputante
1198 1768 1301 1825 autem

56 1842 152 1908 Paulo
180 1842 226 1909 'de
251 1846 369 1930 justitia
392 1848 424 1914 et
447 1846 701 1913 coeuntem-'de
717 1848 836 1931 ¹judicio
865 1846 971 1911 futuru
996 1846 1193 1911 tremefactus
1215 1846 1302 1911 Felix

56 1930 237 2014 respondit:
259 1934 347 2009 Quod
370 1955 452 1999 nnnc
474 1938 591 2015 attinet,
602 1935 692 2014 vade,
710 1942 847 2016 tempore
870 1943 971 1998 autem
994 1934 1165 2016 opportuno
1189 1952 1301 1999 accer-

58 2038 123 2082 sam
147 2020 210 2097 te,“
235 2038 297 2083 non
330 2018 481 2106 intelliget
502 2024 663 2106 interpres,
687 2040 789 2103 neque
813 2021 901 2094 sciet,
925 2039 981 2082 cur
1000 2020 1168 2103 Apostolus
1191 2021 1230 2083 de
1252 2020 1299 2083 his

55 2105 132 2186 ipsis
153 2106 317 2170 vinutibns
342 2108 514 2172 nominatis
536 2107 658 2172 locutus
680 2108 730 2185 sit,
753 2109 811 2169 nisi
834 2126 874 2170 ex
902 2107 1029 2170 historia
1062 2108 1218 2191 cognitum
1239 2107 1300 2168 ha-

57 2192 159 2254 huerit
182 2193 392 2257 characterem
402 2195 524 2275 Felicis,
539 2197 619 2260 vitiis
640 2194 806 2278 praecipue
822 2194 930 2256 talihus
948 2192 1052 2271 dediti,
1068 2194 1120 2275 qui
1138 2192 1299 2257 virtutihus

57 2277 188 2341 laudatis
211 2278 424 2347 adversantur.
467 2280 626 2346 Rationem
653 2299 770 2355 eorum,
793 2298 874 2363 quae
895 2280 946 2343 lit.
969 2280 1000 2355 2,
1023 2280 1075 2345 22.
1100 2280 1140 2343 de
1162 2280 1299 2360 losepho

57 2372 237 2439 narrantur,
269 2365 404 2431 reddere
436 2386 499 2432 non
529 2371 657 2452 poterit,
689 2368 741 2448 qui
773 2368 981 2429 characterem
1002 2364 1147 2430 Archelai
1167 2367 1299 2451 ignorat.

57 2448 122 2514 llim
156 2453 322 2517 verborum
343 2454 446 2518 Lucae
479 2455 508 2535 1,
535 2455 583 2521 17.
615 2448 677 2518 non
707 2455 918 2537 perspiceret,
953 2453 1004 2515 cui
1021 2454 1170 2537 ignotum
1204 2458 1299 2531 essct,

59 2538 167 2617 qualis,
192 2557 254 2620 quo
287 2541 395 2622 spiritu
417 2549 449 2605 et
471 2561 531 2623 qua
554 2543 664 2605 virtute
686 2540 841 2623 praeditus
865 2539 957 2602 luerit
977 2538 1202 2603 Elias-'‘llatio
1225 2538 1298 2620 plu·

58 2624 144 2703 rium,
168 2627 304 2707 quaein
326 2627 428 2689 ultima
452 2647 550 2691 coena
571 2626 686 2692 iecisse
716 2627 829 2709 legitur
851 2626 986 2690 Christus
1011 2628 1060 2689 llt.
1083 2627 1137 2705 26,
1160 2624 1298 2691 26-30.

59 2716 87 2771 et
108 2712 141 2772 in
162 2711 241 2774 locis
262 2713 377 2794 parali,
394 2714 499 2796 ignota
522 2715 613 2793 ieret,
626 2714 653 2777 si
676 2713 783 2776 modus
805 2713 990 2776 ludaeorum
1015 2730 1143 2774 coenam
1164 2710 1298 2793 pascha-

59 2794 113 2857 lem
138 2797 315 2861 celehramli
337 2818 395 2864 nos
417 2802 536 2864 lateret.
580 2801 664 2864 lolem
687 2800 778 2864 etiam
800 2800 839 2863 de
861 2799 989 2863 historia
1012 2799 1163 2880 passionis
1177 2797 1300 2861 Domini

60 2882 148 2945 etde
170 2883 307 2966 pluribus
331 2887 397 2950 aliis
420 2887 509 2952 valet.
914 2884 919 2895 '

625 3109 654 3178 8.
677 3102 728 3168 71.

102 3232 143 3283 De
162 3232 287 3300 fontibus,
305 3251 321 3287 e
340 3237 434 3306 quihus
453 3239 608 3293 conditionis
626 3249 750 3295 externae
768 3239 898 3309 loquentis
916 3236 1058 3287 haurienda
1077 3237 1110 3289 sit
1128 3237 1251 3305 cognitio.

131 3362 379 3474 ⁸Gopnooountur

141 3499 171 3559 1.
193 3497 310 3579 Astus,
341 3504 451 3581 patrio
480 3514 510 3569 et
539 3504 646 3587 tiopuo
679 3507 832 3589 loquentis
861 3524 902 3569 esc
931 3503 1164 3569 introductione
1197 3504 1230 3565 tn
1252 3520 1295 3563 ss.

58 3586 217 3667 utriusque
238 3584 391 3651 senuero
412 3590 520 3655 tiltres.

137 3690 171 3752 2.
192 3688 274 3753 Folo
292 3689 442 3774 foctepue
465 3696 639 3776 loquentis:

139 3797 180 3869 u)
204 3813 245 3856 eu
267 3806 379 3874 opertu
407 3818 513 3860 eorum
549 3801 756 3881 descriptione
780 3804 813 3864 in
835 3820 879 3864 ss.
905 3799 994 3862 libris
1017 3795 1120 3871 choici,
1144 3793 1243 3874 qualis
1265 3813 1295 3856 v.

56 3895 83 3958 g.
106 3878 139 3939 in
160 3876 338 3963 Evangeliis
360 3888 393 3945 et
413 3884 445 3947 in
473 3884 541 3946 Aot.
575 3885 652 3967 App.
686 3895 832 3969 respectu
853 3888 928 3950 lesu
950 3892 982 3948 et
1004 3880 1221 3964 Apostolorum
1243 3881 1295 3942 in-

53 3965 192 4027 uenitur·
280 4002 286 4015 ·

140 4011 219 4143 hie
238 4071 300 4149 fide
322 4072 420 4152 dipoo
442 4077 643 4155 antiquorum
665 4081 853 4159 scriptorum
882 4077 1046 4150 rotatione,
1070 4089 1098 4133 v.
1122 4091 1151 4155 g.
1175 4072 1293 4131 ratione

52 4150 156 4217 hahitll
176 4156 282 4235 pupuli
298 4156 416 4238 judaici
440 4179 458 4223 e
480 4162 617 4243 losepho
639 4164 756 4242 Flavio,
783 4164 891 4227 intuitu
911 4160 1130 4242 Apostolorum
1152 4178 1171 4221 o
1194 4155 1294 4221 Patri-

56 4237 113 4301 hus
139 4245 170 4301 et
193 4240 395 4323 scriptoribus
417 4248 494 4311 cccl.
516 4249 668 4331 antiquis3
691 4249 825 4332 denique
