2834 4896
1272 212 1335 279 143

93 383 171 447 haec
206 380 332 463 quidem
361 382 453 445 velim
484 380 621 443 lectores
654 380 822 463 accipiant,
852 384 944 461 prout
967 380 1079 462 cuique
1102 382 1241 463 libuerit;
1264 388 1336 449 milri

92 488 168 533 uero
192 487 327 533 necesso
350 477 399 531 est
413 488 450 532 ea
473 468 572 529 literis
594 469 751 547 mandare,
766 469 847 530 sicul
863 470 894 529 in
917 470 1016 530 sacris
1038 469 1135 533 literis
1159 475 1335 555 conscripta

92 557 285 631 habentur;“
317 555 357 617 de
386 556 470 618 bello
500 553 566 635 jud.
590 553 621 630 0,
645 556 675 632 5,
697 555 730 618 4.
752 555 948 635 praecipuam
979 572 1103 618 causam
1126 558 1199 621 belli
1218 559 1337 640 judaici

91 643 194 705 luisse
217 642 293 704 dicit
315 643 510 725 „vaticinium
534 641 709 721 ambiguum
736 641 768 702 in
791 658 833 703 ss.
867 643 965 703 literis
997 650 1163 723 repertum,
1187 646 1246 708 illis
1270 648 1338 709 cir-

92 731 174 792 citer
196 730 387 809 temporibus
404 727 567 810 quemdam
584 729 776 808 exipsorum
795 730 926 811 regione
943 728 1026 790 erbis
1044 736 1191 793 terrarum
1207 732 1336 813 imperio

91 818 268 897 potiturum.
293 814 324 877 ld
349 815 486 878 enimilli
509 815 631 893 quidem
656 815 744 893 quasi
762 814 820 876 sibi
841 815 996 896 proprium
1020 820 1337 898 acceperuntmulti-

90 921 151 984 que
176 902 335 983 sapientes
358 900 611 983 interpretatione
635 899 757 981 decepti
781 908 863 962 sunt.
908 901 1105 981 Significabat
1128 923 1238 985 nempe
1262 923 1336 967 ora-

91 990 196 1051 culum
208 988 392 1069 Vespasiani
416 987 626 1069 principatum,
639 988 691 1068 qui
704 989 734 1049 in
746 986 864 1049 Judaea
881 986 1053 1051 declaratus
1068 996 1116 1050 est
1132 992 1335 1072 imperator;“

91 1081 202 1137 contra
223 1073 397 1155 Appionem
419 1075 440 1136 l.
462 1075 498 1137 ll.
522 1075 574 1151 ait,
597 1075 802 1154 sapientiores
827 1072 1013 1136 Graecorum
1036 1075 1146 1137 eodem
1169 1078 1273 1157 modo,
1298 1096 1336 1141 ae

91 1160 236 1243 Moysem
259 1160 298 1223 de
320 1161 388 1222 Deo
423 1160 591 1243 cogitasse.
616 1196 655 1205 —-
680 1160 754 1232 (luis
774 1161 838 1241 jam
872 1160 958 1237 haec,
983 1179 1062 1240 quae
1085 1162 1336 1227 luculentissimis

91 1255 154 1309 tum
176 1248 214 1309 V.
238 1252 301 1308 tum
323 1247 359 1309 N.
383 1248 416 1309 Τ.
447 1246 629 1309 testimoniis
661 1249 814 1309 contraria
837 1253 917 1324 sant,
939 1263 1014 1308 vere
1033 1247 1157 1328 Judaica
1181 1267 1253 1312 esse
1276 1252 1335 1313 sibi

92 1332 309 1415 persuadeat?
343 1335 418 1407 Quis
450 1334 565 1409 credat,
589 1331 725 1394 ludaeos
756 1336 787 1394 in
810 1330 928 1415 genere
959 1332 1113 1395 derebus
1144 1352 1335 1400 commemo-

93 1419 169 1483 ratis
191 1420 235 1481 ita
259 1421 427 1502 cogitasse,
451 1422 494 1481 uti
517 1417 652 1482 Flavium
676 1419 815 1483 sensisse
838 1419 906 1482 loca
930 1420 1021 1481 citata
1045 1420 1199 1500 probant?

182 1505 273 1581 Quod
293 1511 406 1569 attinet
423 1507 596 1576 Philonem,
621 1507 672 1567 hic
695 1525 758 1568 non
780 1507 871 1567 modo
894 1525 964 1568 earn
975 1506 1202 1569 Alexandrinis
1224 1518 1335 1573 contra

96 1592 349 1654 Palaestinenses
369 1596 403 1655 in
426 1595 615 1673 allegoricae
649 1593 918 1672 interpretationis
948 1594 1053 1654 stadio
1076 1597 1236 1657 consensit
1243 1616 1257 1668 ;
1279 1598 1336 1657 scd

93 1682 186 1741 eiiam
207 1677 249 1739 ab
264 1678 315 1740 his
333 1681 414 1760 ipsis
429 1682 463 1741 in
482 1679 629 1760 placillae
651 1681 791 1740 materiis
813 1679 980 1750 discessi&
1002 1678 1230 1743 Alexandrinos
1254 1684 1335 1744 enim

90 1783 154 1827 non
178 1765 355 1846 promiscue
389 1784 524 1848 negasse
561 1765 742 1827 daemonum
766 1766 960 1827 existentiam
984 1771 1014 1825 et
1037 1783 1201 1846 corporum
1224 1785 1334 1831 resur-

89 1852 273 1930 rectionem,
296 1870 398 1933 neque
422 1851 501 1915 adeo
524 1870 600 1933 pure
624 1851 770 1914 moralem
794 1851 833 1913 de
855 1851 968 1913 Massia
991 1852 1129 1914 tenuisse
1164 1854 1333 1932 notionem,

88 1936 216 2019 qualem
243 1936 327 1999 l’lrilo
358 1937 502 2016 fovebat,
536 1938 610 2000 satis
645 1944 728 2017 patet
750 1955 768 1998 e
791 1938 876 1999 libris
911 1938 1201 2001 deuteroeanonicis
1234 1940 1268 2001 V.
1299 1942 1334 2005 Τ.

89 2026 256 2087 maximam
279 2030 394 2104 partem
417 2024 448 2087 in
470 2023 613 2107 Aegypto
637 2023 788 2087 conlectis
812 2025 860 2100 1).
1399 2040 1403 2047 ·

177 2110 231 2173 aa
251 2110 345 2173 dictis
375 2114 526 2193 seqnitur,
554 2131 611 2173 nec
632 2109 815 2191 Joseplram,
847 2130 946 2191 neqne
968 2110 1130 2174 Philonem
1161 2131 1284 2193 aerrrper
1306 2122 1337 2176 et

89 2197 205 2277 olriqne
230 2215 299 2258 esse
320 2199 530 2272 audiendam
544 2198 628 2259 illum
650 2215 722 2275 non,
738 2196 791 2258 ubi
812 2204 918 2259 sectae
941 2215 1017 2259 suae
1040 2205 1092 2259 aut
1113 2200 1333 2262 accommoda-

90 2284 184 2346 tionis
207 2282 341 2347 studium
357 2284 394 2347 ad
416 2286 577 2347 veritatem
598 2283 780 2345 laedendam
801 2302 869 2345 eum
893 2284 1096 2345 determinare
1120 2292 1257 2365 poterat3
1271 2304 1334 2349 non

90 2370 183 2449 hune,
207 2368 260 2432 ubi
282 2387 354 2432 suas
376 2371 551 2453 peculiares
575 2371 715 2452 sequitur
737 2371 916 2447 sententias,
940 2370 1023 2451 quod
1046 2376 1207 2450 utrumque
1230 2374 1332 2452 potis-

89 2456 202 2518 simum
232 2475 272 2518 ex
295 2456 490 2520 dissensione
514 2477 530 2520 a
553 2457 680 2537 reliquis
710 2456 856 2534 lontibus,
885 2475 1102 2537 nonnunquam
1125 2476 1201 2520 voro
1225 2476 1265 2520 ex
1286 2459 1334 2521 rei

90 2550 200 2605 natura
232 2548 285 2603 aut
312 2544 403 2623 plane
426 2563 445 2606 e
467 2544 589 2606 disertis
624 2543 880 2605 declarationibus
904 2549 997 2623 patet,
1021 2545 1065 2605 uti
1086 2544 1117 2605 in
1142 2545 1290 2624 exemplis
1314 2563 1333 2606 e

90 2628 231 2711 Josepho
263 2630 373 2692 citatis.
417 2630 451 2693 In
482 2632 595 2693 ceteris
630 2637 732 2691 autem
762 2629 874 2705 rebus,
907 2630 1043 2710 inprimis
1078 2631 1129 2692 ubi
1164 2649 1231 2692 curn
1265 2631 1333 2695 aliis

90 2715 238 2794 lontibus,
260 2715 292 2776 in
315 2718 420 2798 specio
453 2736 521 2781 cum
543 2716 578 2778 V.
603 2722 633 2778 et
654 2716 691 2777 N.
714 2716 747 2777 Τ.
772 2717 977 2797 consorationi,
1002 2724 1098 2779 testes
1127 2717 1333 2797 probatissimi

90 2802 199 2865 haberi
223 2810 363 2883 possunt.

176 2888 208 2951 6.
230 2888 371 2967 Tolmnd,
395 2890 415 2951 i.
430 2910 455 2951 e.
478 2908 594 2969 corpas
616 2888 818 2951 traditionem
834 2889 1042 2967 judaicarum
1059 2889 1211 2951 ednahas
1225 2891 1332 2970 parti-

92 2974 151 3037 bas
184 2985 355 3052 constans,
388 2978 534 3039 nimirem
566 2974 750 3037 elllisehna
779 2982 809 3037 et
838 2974 981 3037 Gomara.
1025 2975 1162 3037 Mischna
1197 2976 1333 3038 continet

91 3060 253 3124 doctorum
271 3061 338 3143 jud.
361 3061 541 3125 breviante
565 3067 595 3123 et
617 3067 687 3142 post
707 3060 857 3123 Christum
879 3060 1052 3122 florentium
1077 3067 1197 3140 statuta,
1221 3062 1333 3142 expla-

90 3150 233 3211 nationes
256 3155 289 3210 et
312 3148 411 3227 clieta,
427 3156 494 3212 orta
519 3168 536 3211 e
559 3146 725 3209 fusioribus
750 3146 1014 3210 dissertationibus
1035 3148 1073 3209 de
1096 3148 1332 3210 consuetudini-

90 3235 147 3297 bus
172 3234 278 3315 populi
298 3234 447 3318 religiose
471 3234 628 3313 ordinatis,
642 3234 680 3295 de
699 3232 897 3296 relationibus
908 3234 987 3314 juris
1005 3240 1036 3296 et
1051 3233 1141 3313 vitae,
1155 3239 1186 3296 et
1202 3232 1333 3297 collecta

91 3328 184 3403 atque
206 3320 239 3382 in
264 3321 401 3383 ordinem
424 3321 561 3399 redacta,
586 3328 618 3382 ut
639 3320 733 3403 vulgo
768 3320 912 3400 creditur,
937 3321 1018 3383 circa
1042 3339 1152 3381 annum
1178 3320 1249 3382 190.
1282 3326 1334 3383 aut

89 3407 165 3470 220.
198 3424 229 3488 p.
265 3406 319 3470 011.
350 3407 511 3470 Tiberiade
545 3427 601 3490 per
633 3406 721 3467 rabbi
751 3405 878 3485 ludam,
914 3425 1004 3486 quem
1038 3412 1175 3467 sanctum
1208 3412 1332 3469 vocant.

88 3492 242 3555 Dividitur
262 3492 295 3556 in
317 3512 375 3557 sex
398 3494 523 3557 ordines
547 3493 729 3571 (Sedenim),
757 3493 851 3573 hique
874 3494 904 3554 in
928 3492 970 3555 60
992 3498 1139 3555 tractatus
1164 3492 1333 3570 (hlassich-

89 3580 203 3655 thoth).
249 3578 378 3643 Gomara
402 3582 615 3663 complectitur
638 3580 841 3642 additamenta
868 3596 948 3641 nova
982 3580 1185 3659 explanatius,
1222 3596 1333 3643 corre-

89 3667 413 3749 ctiva,restringentia
436 3675 488 3729 aut
510 3666 716 3744 extendentia,
731 3683 810 3745 quae
833 3664 932 3728 serius
954 3665 1070 3745 pariter
1092 3665 1222 3728 collecta
1246 3673 1278 3728 et
1300 3668 1332 3727 in

88 3753 230 3815 ordinem
252 3752 377 3815 redacta
402 3760 482 3816 sunt.
526 3754 599 3816 Pars
622 3754 717 3835 prima
742 3752 891 3814 Gomarae
915 3752 1015 3829 (Gem.
1038 3752 1331 3834 Hierosolymitana)

86 3856 170 3899 anno
206 3837 316 3902 Christi
347 3838 420 3903 230.
451 3840 501 3903 vel
531 3839 604 3904 270.
634 3840 684 3901 vel
713 3839 801 3920 juxta
836 3838 912 3899 alios
947 3838 1046 3900 adbuc
1080 3840 1180 3901 serius
1204 3857 1220 3899 a
1243 3837 1331 3899 rabbi

85 3924 248 3986 Joehanan
270 3926 335 3988 Ben
356 3926 479 3988 Elieser
498 3926 720 4007 Hierosolymis
745 3943 803 4005 ope
827 3924 955 3986 duorum
977 3925 1172 3988 rabbinorum
1196 3923 1326 3985 collecta

86 4017 146 4075 est.
192 4012 267 4074 Pars
290 4013 386 4075 altera
410 4012 511 4089 (Gem.
534 4013 734 4095 Babylonica)
757 4011 947 4091 potissimum
984 4009 1213 4092 comprehendit
1233 4027 1329 4090 prae-

84 4104 188 4179 cepta,
202 4116 284 4179 quae
306 4098 345 4160 ad
356 4099 492 4162 ludaeos
517 4106 603 4161 extra
615 4098 815 4161 Palaestinam
839 4097 991 4180 degentes
1015 4103 1162 4179 spectant,
1188 4101 1218 4156 et
1241 4112 1329 4157 com-

82 4185 190 4266 posita
215 4192 263 4247 est
285 4202 343 4265 per
364 4186 451 4247 rabbi
473 4186 591 4267 loseph
613 4186 669 4248 sub
692 4183 809 4247 initium
832 4184 950 4246 saeculi
973 4184 1021 4245 Vl.
1044 4182 1102 4259 aa)

124 4361 157 4425 2)
177 4358 230 4411 cn.
249 4356 709 4410 81111111111110111101111111111110111100
728 4356 846 4408 orientali
864 4354 916 4406 vol.
935 4352 976 4404 IV.
994 4370 1053 4421 pag.
1072 4352 1131 4404 ¹771.
1150 4369 1224 4423 seqq.

106 4426 334 4495 1’)()11.11101111
357 4427 473 4479 bibliotlr.
498 4427 571 4479 hebr.
594 4436 658 4494 part.
684 4428 713 4478 11.
738 4444 798 4495 pag.
823 4426 880 4476 674.
905 4423 963 4475 604.
982 4431 1009 4474 et
1026 4421 1123 4473 lrathol.
1146 4421 1329 4487 Vierteljahrs-

173 4496 267 4549 sebrilt
283 4498 325 4549 1111
334 4497 523 4549 Wissensclralt
540 4498 592 4548 und
607 4498 696 4561 liunst,
715 4497 834 4563 lreransg.
848 4509 900 4546 von
919 4492 1150 4545 denProlessoren
1169 4492 1216 4544 der
1233 4492 1329 4545 lratlrol.

173 4566 294 4621 Facultlit
311 4583 344 4617 zu
361 4566 436 4620 1101111
456 4566 567 4618 18401.
586 4566 646 4619 lien
664 4566 689 4620 S.
708 4566 749 4616 51.
768 4564 811 4632 llg.
