2834 4896
90 191 154 259 136

89 383 170 447 poue
192 364 296 429 Donni
322 363 517 446 nominisque
538 366 582 429 od
603 383 671 428 rens
704 364 889 429 relationem
909 371 945 427 et
964 362 1073 445 afficio
1093 364 1240 443 attinent,
1262 368 1328 431 esst.

88 461 162 516 toro
195 452 473 533 retipioso-ettica
504 462 645 515 oooator.
668 486 711 499 -
733 450 784 515 Ao
812 453 970 515 eniterent
999 453 1201 532 spirituatem
1229 456 1328 537 ιἰιιιιιι

86 540 264 620 pertinent:
913 550 918 557 ‘

175 625 206 687 i.
226 623 364 688 Notitiae
386 634 531 705 respectet
552 634 616 689 tunt
636 625 943 703 relicom-norati,
963 634 1026 687 torn
1049 641 1236 706 qnoconpue
1260 627 1329 705 atio,

88 712 158 774 sioe
179 729 274 773 ιιικιι
297 712 365 773 sine
398 730 573 786 erroneam·
604 713 767 792 principio
788 713 960 813 primaria,
991 719 1145 790 quotenos
1166 712 1220 775 oet
1241 713 1330 777 dictis

87 797 140 861 oet
159 797 257 877 foetis
278 805 331 861 sot
350 797 451 861 clanis
472 798 725 879 manifestantur,
740 798 906 876 opiniones
924 806 1173 878 praeconceptae
1190 806 1223 861 et
1234 816 1330 878 prae·

83 883 228 962 jndicio,
259 885 395 964 paneis.-
437 885 621 965 conponas
653 886 882 964 capeitionnm,
916 883 1028 965 quibos
1061 884 1194 964 loquens
1223 886 1329 965 pollet,

91 988 257 1050 emnnpoe
277 969 482 1050 perfeetionis
503 971 632 1052 ριιιιιιιι.

89 1094 93 1101 -
172 1057 203 1118 2
230 1056 319 1119 Varii
348 1059 487 1136 capitata
518 1074 674 1137 somnone
706 1074 770 1119 suo
801 1056 999 1139 reprimendi
1024 1055 1128 1133 nodi,
1148 1074 1208 1121 seu
1231 1057 1328 1133 omia,

87 1141 200 1223 quibes
223 1143 355 1222 mouens
376 1145 485 1220 utitur,
508 1144 643 1207 dicenti
654 1163 781 1224 penora

173 1228 280 1304 Quare
302 1230 427 1293 cottona
448 1230 628 1329 spiritualis
651 1231 806 1311 loquentis
821 1237 931 1308 sponte
953 1247 1015 1291 sua
1028 1229 1062 1289 in
1076 1227 1158 1291 duas
1181 1227 1328 1291 ditabitur

83 1324 206 1396 portes,
228 1322 383 1396 quotenne
403 1318 549 1379 nimirem
578 1315 735 1396 infinitio
757 1318 914 1380 orationis
944 1316 1111 1379 materians
1131 1322 1163 1377 et
1183 1313 1326 1393 forman.

273 1554 320 1617 De
341 1557 469 1619 cubaret
491 1559 653 1636 spirituali
674 1558 839 1640 inpotentis,
866 1564 1021 1638 qnatenus
1042 1553 1143 1637 influit

655 1776 686 1845 3.
709 1769 761 1836 te.

317 1926 320 1933 '
378 1888 381 1893 Ι
400 1928 403 1933 “
510 1923 550 1992 Α)
568 1922 598 1975 ln
616 1924 739 1977 arationis
763 1888 905 1981 noterium.

88 2144 94 2153 .
170 2082 235 2149 Per
256 2085 412 2147 orationis
432 2091 597 2149 menon
618 2084 835 2164 inteiiipanter
856 2085 946 2164 ipsae
975 2086 1119 2147 notiones
1141 2094 1175 2149 et
1195 2093 1324 2151 smen-

85 2172 148 2235 tiae
170 2190 192 2233 a
215 2172 356 2251 toqeeme
388 2171 616 2250 manifestatae.
660 2169 726 2233 Huc
754 2171 817 2251 jem
840 2169 942 2251 quoad
977 2169 1177 2250 perfectionis
1199 2172 1324 2253 modum

84 2257 117 2323 in
131 2257 271 2325 omnibus
293 2256 489 2336 loquentibus
506 2275 568 2320 ιιοιι
582 2263 656 2321 sunt
672 2255 810 2336 enodem,
823 2258 896 2319 ficet
916 2255 1025 2319 iisdem
1041 2258 1169 2321 vocibus
1185 2264 1324 2332 utentum

84 2361 153 2411 unm
183 2343 214 2405 in
237 2343 348 2424 quovis
382 2343 504 2407 bomine
537 2351 642 2423 certus
674 2362 711 2407 nc
744 2349 830 2407 certo
864 2341 956 2406 modo
989 2342 1210 2407 determinatus
1242 2345 1325 2408 adest

85 2430 223 2493 cultorne
246 2429 370 2512 gradus,
392 2431 423 2493 in
447 2447 509 2510 quo
533 2430 740 2513 cognitionum
764 2430 832 2511 eJ'us
860 2429 939 2493 retia
962 2436 1011 2491 est
1031 2430 1099 2507 situ,
1122 2449 1141 2493 e
1165 2448 1230 2511 quo
1254 2449 1324 2513 pera

83 2515 227 2579 fectionis
251 2534 355 2579 eurum
377 2515 519 2579 modulus
541 2516 770 2594 determinetur,
794 2517 899 2596 etqui
921 2515 952 2577 in
974 2517 1116 2579 notiones
1140 2534 1324 2598 quoquere

84 2604 253 2669 sententies
287 2618 430 2665 sermone
465 2602 674 2667 manifestatus
708 2604 887 2665 necessario
921 2601 1035 2679 influit3
1059 2603 1172 2671 etenim
1195 2603 1324 2685 loquens

85 2688 174 2751 dictis
196 2688 260 2751 suis
282 2687 424 2751 notiones
446 2707 506 2751 neo
527 2696 669 2771 spectare
691 2694 794 2769 potest
817 2687 1020 2766 sublimiores,
1035 2706 1073 2751 ue
1086 2706 1169 2770 uuae
1187 2689 1322 2761 culturae

85 2775 153 2856 ejus
185 2791 349 2837 mensurae
383 2775 585 2853 conveniunt,
620 2792 723 2855 neque
744 2774 852 2839 bedem
876 2775 1029 2855 subjicere
1051 2775 1133 2840 solet
1154 2777 1322 2854 tenuiores,

83 2861 143 2929 uisi
166 2878 236 2923 eum
257 2878 320 2925 nan
342 2879 360 2923 e
382 2878 448 2936 suu,
471 2862 528 2925 sed
551 2860 740 2924 exitiorum
774 2861 925 2924 sententie
955 2861 1081 2940 dixisse,
1114 2862 1211 2927 certis
1234 2870 1322 2944 atque

85 2947 165 3013 omui
189 2948 374 3029 exceptione
395 2948 561 3029 majoribus
591 2947 710 3011 indiciis
733 2954 862 3011 constet.
906 2945 955 3010 Ad
977 2949 1134 3011 bobonum
1165 2949 1275 3030 itaque
1293 2954 1322 3013 et

84 3034 303 3103 consentiorum
333 3033 556 3116 perfectionem
590 3032 849 3097 determinsndom
880 3034 1040 3115 interpreti
1069 3034 1171 3099 ratio
1183 3034 1322 3107 babendo

84 3125 133 3182 est
155 3120 291 3182 culturae
313 3120 477 3222 loquentis.
522 3120 641 3193 Quod
632 3139 664 3182 m
686 3120 936 3202 interpretatione
959 3138 984 3185 s
1000 3120 1176 3203 Scriptorue
1198 3122 1321 3207 proeci-

83 3222 145 3288 puc
166 3206 266 3283 vafet;
284 3226 354 3269 num
376 3209 408 3273 in
430 3225 473 3271 ss
495 3207 591 3271 literis
613 3206 789 3307 permitti,
780 3225 812 3269 ιιι
834 3206 1043 3271 diversissimo
1065 3207 1203 3271 culturae
1227 3208 1322 3292 gradu

83 3293 175 3373 positi
207 3292 370 3375 loquentes
393 3294 558 3367 sistuntur:
581 3292 633 3373 qui
655 3293 758 3374 itaque
780 3292 894 3357 diuersi
924 3293 1080 3357 contusae
1095 3292 1230 3376 medus,
1264 3312 1321 3376 quo

84 3378 197 3460 singuli
217 3376 381 3462 loquentes
404 3381 548 3463 gaudent,
571 3380 703 3443 debitum
725 3396 787 3443 nou
809 3379 939 3443 heberet
959 3380 1118 3456 renonem,
1135 3381 1322 3464 interprete·

82 3464 214 3527 bones
204 3482 237 3528 ιιι
259 3466 391 3531 medinm
413 3468 566 3548 proferret
587 3484 682 3547 coepe
704 3465 1040 3547 perversns310quenti
1062 3484 1195 3547 nemque
1219 3469 1322 3532 notio-

83 3568 141 3612 nes
164 3551 313 3614 tribueret
334 3552 421 3630 teles,
445 3570 524 3634 quae
547 3570 611 3623 ιιοιι
632 3551 714 3628 huic,
736 3552 792 3615 sed
816 3552 903 3615 elteri
924 3553 1127 3617 conveniunt·
1120 3552 1323 3635 ,frequenter

83 3634 258 3699 notionibus
296 3636 531 3718 perfectioribus
563 3638 762 3702 substitueret
798 3639 975 3738 tenuiores,
1014 3639 1192 3702 domesticis
1228 3660 1322 3722 perc-

82 3723 197 3805 gn'nns,
231 3723 340 3786 divinis
374 3724 519 3786 homenes
543 3731 574 3787 et
596 3725 664 3786 vice
687 3742 787 3803 verse,
812 3727 934 3804 paucis:
958 3724 1047 3786 dictis
1071 3726 1131 3786 vim
1155 3725 1323 3807 subjiceret

82 3809 184 3886 telem,
209 3808 328 3889 qualem
350 3811 453 3873 verbis
476 3812 539 3873 suis
562 3809 759 3873 manifestere
780 3828 841 3872 nec
863 3810 1039 3888 voluit,nec
1061 3811 1160 3892 patuit
1181 3811 1322 3894 loquens.

168 3896 324 3975 Respecto
346 3915 422 3959 cero
445 3898 487 3958 od
508 3899 664 3961 cattorum
686 3897 842 3978 foqeentis
863 3896 970 3959 bobito
992 3900 1026 3959 in
1048 3900 1153 3978 specie

171 3983 198 4047 f
225 3982 351 4060 Vocon,
383 3982 594 4062 formatorum
624 4002 661 4045 oc
693 3986 927 4059 sententiarum,
949 4003 1028 4063 quoe
1052 3986 1085 4045 in
1107 4003 1142 4045 se
1165 3992 1324 4065 spectatae

80 4074 156 4133 tent
186 4087 304 4149 copae,
338 4069 501 4150 ambipooe
524 4079 553 4132 et
574 4071 646 4131 ideo
673 4069 893 4147 obscuriores,
923 4078 1067 4173 potestas
1088 4070 1324 4133 determinatur.

81 4155 183 4221 Sicu.
206 4173 235 4238 g.
259 4153 427 4219 formulae·
447 4156 586 4236 pacatico
607 4158 661 4214 rosi
682 4158 813 4214 θεοῦ-
777 4159 894 4215 -roin
916 4148 1107 4233 ιιιιριιιώι-
1123 4160 1178 4216 τοῦ
1200 4159 1326 4235 χριστοῦ

81 4242 251 4323 exgenere
274 4241 421 4304 denotent
440 4260 569 4323 regnum
594 4259 611 4302 n
633 4240 745 4303 Messio
767 4240 972 4317 fundendum,
1007 4241 1104 4322 quetis
1127 4258 1204 4304 vero
1228 4244 1323 4315 notio,

82 4345 153 4390 num
176 4326 353 4409 perfectior,
367 4347 405 4391 uu
427 4329 550 4389 tenuior
572 4327 680 4406 quovis
696 4325 766 4389 loca
790 4327 985 4409 intelligendo
1002 4328 1051 4405 sit,
1066 4328 1187 4391 nontoisi
1202 4330 1325 4393 rutione

80 4412 184 4481 habite
207 4414 344 4479 cinturae
366 4414 535 4497 religioso·
516 4412 656 4479 -etbicee
673 4412 826 4493 loquentis
842 4415 990 4496 petescit3
1003 4433 1071 4475 nem
1093 4432 1199 4477 omnes
1212 4415 1323 4477 Juduei

81 4496 213 4585 regnum
234 4506 389 4564 terrenum
414 4499 536 4582 quidem
560 4504 778 4581 exspectarunt
799 4500 946 4565 oblessie
968 4491 1168 4580 fundendum,
1189 4508 1325 4565 ettamen
