2834 4896
1282 186 1329 264 tt

87 367 272 450 Scripturam
311 367 351 431 ad
389 384 463 431 suos
502 382 614 430 sensus
654 374 863 449 contorquens
885 371 1141 452 -interpretari
1182 371 1323 433 anteat!

84 454 213 517 Editnm
233 456 340 534 itaqae
363 463 411 516 est
431 454 526 515 hocce
560 454 725 532 decretam,
747 466 783 518 at
803 464 989 519 atcerentctr
1009 476 1033 518 s.
1056 456 1241 536 Scriptorrte
1264 458 1326 520 ab·

82 543 240 620 nsnquni
259 541 437 620 petulantia
453 540 611 602 hominnm
625 542 705 618 fiant
719 545 780 604 snt
792 543 965 621 prodeunti
977 546 1073 604 nimie
1095 545 1325 621 confidentiam,

84 636 114 690 et
134 635 173 689 nt
203 626 316 705 fideles
345 627 444 688 simni
474 629 561 687 serio
589 636 798 704 monerentur,
828 625 914 705 ines,
944 631 999 708 qai
1019 632 1131 709 spreta
1149 630 1332 708 apostatet

83 714 233 776 tradicne
255 731 300 773 se.
322 712 485 774 literarum
508 710 603 792 effata
631 712 676 774 ad
696 732 756 775 sna
774 712 898 792 piacita
926 722 1137 795 eontorqnere'
1161 712 1327 793 canantur,

83 799 332 862 abnnieersatis
354 799 506 861 ecciesiae
518 799 742 876 necaonem,
755 799 857 878 tonas
872 802 1040 879 parissimi
1061 800 1165 862 anias
1186 806 1328 863 conterit·-

82 892 196 947 nentes
228 903 385 946 coenosae
414 884 537 947 meaios
570 884 691 961 liberm·
718 887 915 966 manicone
937 886 983 948 aa
1011 898 1118 949 eornm
1151 886 1330 948 temerariis

83 973 178 1034 mis
201 989 273 1032 esse
294 970 476 1033 canentiam.

172 1054 226 1118 Ea
247 1055 342 1118 dictis
363 1057 461 1119 rimari
481 1064 590 1136 patet.-

177 1142 206 1204 1.
228 1141 396 1203 Decretum
417 1143 476 1205 lmc
497 1161 561 1203 non
580 1140 684 1221 foisse
706 1160 789 1204 mere
812 1143 1030 1223 dimiptinare,
1049 1152 1107 1207 ein
1124 1148 1205 1224 pare
1225 1152 1328 1224 nepa-

85 1230 194 1305 ticam,
218 1236 276 1289 ant
293 1228 389 1307 piane
411 1229 488 1289 naci
509 1229 592 1307 anisi.
635 1225 708 1290 Non
729 1237 798 1290 erat

173 1319 214 1389 a)
237 1332 321 1375 mare
343 1313 572 1392 disciplinam
586 1332 660 1375 nam
681 1314 736 1376 obi
757 1316 863 1394 opiter
885 1315 923 1377 de
944 1314 1042 1376 retas
1059 1314 1138 1391 fidet·
1146 1322 1178 1376 et
1197 1322 1329 1393 moroan,

87 1400 130 1463 iti
153 1402 193 1462 de
214 1407 386 1479 praecepto
408 1418 491 1461 mere
514 1401 717 1480 disciplinari
738 1401 875 1479 anrpiinr
896 1416 1001 1462 sermo
1023 1414 1094 1461 esse
1116 1403 1231 1480 nequit.
1267 1399 1332 1463 Sed·

90 1485 209 1546 etiamsi
232 1484 390 1547 decretum
411 1484 493 1547 istud
524 1485 831 1567 merendisciplinare
853 1485 977 1562 inisset,
1011 1486 1209 1548 nihiiominas·
1226 1492 1329 1547 tamen

89 1570 179 1634 hodie
201 1588 267 1632 non
288 1571 397 1648 minus,
421 1589 511 1650 quam
532 1589 616 1633 saec.
638 1571 715 1633 xvl.
738 1571 881 1652 ejusdem
899 1579 989 1634 esset-
1016 1572 1141 1649 valoris,
1164 1573 1229 1634 imo
1246 1578 1328 1633 tam-

88 1658 138 1719 diu
161 1656 325 1738 obligaret,
357 1656 500 1737 quamdiu
529 1657 610 1719 inter
639 1659 823 1739 interpretes
852 1675 915 1719 non
938 1658 1068 1720 deerunt
1088 1658 1254 1739 petaiantia
1276 1658 1331 1719 inu

87 1744 191 1826 genia,
214 1743 234 1804 i.
258 1761 286 1804 e.
309 1760 440 1824 semper.

175 1830 215 1905 b)
237 1827 310 1891 Non
327 1847 408 1908 pnre
430 1832 628 1910 nepotienm
650 1847 724 1890 narn
746 1834 785 1904 α]
804 1829 961 1909 quaelibet
978 1830 1031 1891 ten
1052 1833 1199 1909 nepetino
1222 1830 1329 1891 incct-

86 1917 133 1978 ait
155 1924 188 1977 et
205 1916 396 1994 positivam
417 1933 447 1975 v.
464 1934 493 1997 g.
515 1915 584 1977 Noli
605 1913 700 1976 furari
721 1915 740 1976 i.
756 1934 785 1996 q.
808 1932 896 1977 soum
919 1915 1030 1994 anione
1052 1916 1211 1995 relinque3
1235 1918 1335 1996 qnare*

88 2009 117 2064 et
140 2001 303 2063 decretum
324 2006 462 2067 nostrum
483 2000 601 2063 formae
623 2002 786 2083 negativae
809 2002 1021 2084 complectitur
1050 2002 1213 2083 positivum
1236 2016 1330 2082 prae-

88 2095 230 2169 ceptum:
259 2085 392 2148 Sacram
414 2085 610 2168 scripturam
636 2089 734 2166 jacta
765 2106 890 2150 sensnm
924 2089 1079 2150 ecclesiae
1101 2096 1132 2149 et
1152 2090 1334 2151 unanimem

88 2192 278 2237 consensnm
300 2173 430 2235 Patrem
458 2175 687 2252 interpretare;
721 2179 752 2235 et
772 2173 914 2254 proiecto
943 2174 1163 2255 interpretatio,
1198 2191 1276 2254 qnae
1300 2173 1331 2233 in

88 2261 178 2338 tocie,
202 2274 332 2339 quorum
354 2275 479 2321 sensum
501 2259 635 2321 ecclesia
659 2266 711 2321 aut
739 2260 912 2321 immediate
944 2260 1089 2339 definivit
1113 2267 1165 2321 aut
1188 2260 1226 2321 ob
1249 2262 1331 2320 nna*

89 2349 202 2409 nimam
225 2362 268 2408 ss.
290 2346 412 2406 Patrum
434 2363 620 2408 consensum
643 2351 737 2422 tenet,
760 2362 823 2406 non
846 2352 894 2407 est
912 2346 1014 2427 jorma-
1041 2346 1106 2408 hoc'
1123 2346 1191 2426 ipso
1214 2362 1334 2406 necess

90 2434 173 2495 sario
197 2438 247 2494 est
268 2437 374 2493 contra
396 2448 521 2493 sensum
544 2431 698 2493 ecclesiae
720 2438 772 2492 aut
792 2432 964 2493 unanimem
987 2448 1034 2494 ss.¹
1050 2433 1170 2493 Patrem
1194 2434 1331 2492 censeat

91 2538 168 2581 sum.
192 2519 290 2580 Porro
311 2519 352 2597 β)
373 2518 405 2578 e·
426 2518 626 2596 conferamur
649 2517 809 2581 decretam
830 2518 926 2579 trocce
948 2528 1022 2580 cerm·
1038 2518 1237 2599 professione
1257 2516 1336 2595 Mei

90 2605 277 2681 catholicae,
299 2604 343 2665 ad
363 2604 492 2665 decreta
505 2601 641 2666 Caecilii
654 2604 747 2665 Tria.¹
761 2606 949 2683 cmnpeaitrt·
960 2624 981 2666 a
993 2605 1052 2665 Pio
1064 2603 1081 2664 1
1084 2602 1114 2665 V.
1137 2604 1332 2681 confirmata,

91 2702 120 2754 et
142 2691 185 2753 ab
208 2692 360 2752 universa
382 2689 519 2752 ecclesia
540 2691 651 2769 apriti
673 2700 705 2752 et
723 2692 925 2753 innodarat:
957 2702 1073 2752 mosne
1104 2690 1193 2751 ittins
1216 2688 1335 2750 decreti

93 2778 208 2841 inbias
229 2794 296 2838 esse
317 2777 440 2855 aequin
461 2794 535 2837 nani
556 2776 673 2837 ibidem
702 2778 866 2855 caprensis
887 2777 1007 2839 dicitnr
1033 2776 1160 2837 certis:
1184 2776 1334 2853 „Sacram

93 2864 290 2944 Scriptararn
312 2863 411 2939 jacta
445 2880 517 2922 enm
544 2880 680 2939 remam,
714 2881 805 2942 qaam
825 2864 926 2924 tenerit
946 2872 976 2925 et
997 2870 1080 2924 tenet
1100 2871 1213 2922 sancta
1235 2870 1335 2921 nrater

94 2951 240 3025 ecclesia,
264 2949 356 3026 cujas
379 2955 427 3007 est
440 2947 591 3026 judicare
614 2948 652 3009 de
674 2966 750 3009 cero
772 2966 872 3009 senso
886 2956 917 3009 et
936 2949 1195 3027 interpretatione
1218 2965 1334 3008 sacra-

94 3055 164 3099 rnm
192 3033 441 3113 scripturaram,
464 3035 685 3109 admitterem
707 3052 782 3096 eam
801 3046 938 3113 ananan
959 3037 1024 3095 nisi
1039 3035 1137 3112 panto
1158 3033 1334 3094 onantmem

94 3138 284 3185 consensum
305 3119 434 3181 Patron
455 3122 611 3199 accipiam
634 3128 665 3181 et
685 3120 945 3199 mterpretator.“

181 3212 219 3282 c)
241 3204 313 3267 Non
342 3206 439 3284 plane
471 3209 547 3267 neci
579 3207 675 3286 pairh
702 3226 776 3268 narn
809 3213 897 3267 tenor
925 3209 994 3286 ejas
1019 3207 1094 3284 jam'
1111 3212 1184 3265 onte
1206 3200 1338 3264 concilii

97 3293 273 3355 Tridentini
294 3299 435 3370 tempora
456 3300 527 3352 erat
554 3292 741 3354 observatos
763 3301 795 3354 et
812 3292 1031 3372 promntpotns
1040 3313 1054 3364 ,·
1085 3295 1123 3365 a)
1146 3289 1337 3350 etsercotns

96 3380 136 3443 ab
158 3377 305 3441 omnibns
319 3386 383 3438 tnm
405 3377 560 3440 ecciesiae
582 3377 734 3441 Potribns
749 3389 780 3441 et
793 3377 992 3453 conciam)
1015 3376 1335 3452 marsicanam,

117 3623 146 3688 '³
166 3619 872 3754 statatitt:„trititittttttttt't
890 3616 1337 3738 ttettttitt‘ttttttt

166 3759 276 3825 Spiritus
295 3758 452 3810 divinitatem
470 3759 506 3808 uti
524 3758 585 3808 fidei
603 3757 698 3826 dogma
715 3756 895 3823 Amphilochia
915 3754 1113 3822 comprobavit?
1131 3755 1229 3807 Eidem
1244 3752 1283 3813 Aa

166 3830 250 3879 atinus
268 3835 399 3895 nmquam
415 3826 560 3878 haeremos
579 3826 657 3885 niodo
675 3824 838 3894 Pelagianos,
857 3822 1096 3877 medoltnnatistiis'
1111 3822 1222 3888 i‘e'jeeit‘t
1239 3820 1276 3872 Ea
1296 3835 1338 3870 em
1393 3853 1396 3860 ·

167 3914 190 3949 a.
207 3896 260 3947 Leo
287 3895 372 3962 palam
401 3896 464 3948 fecit
489 3895 557 3962 epod
583 3896 697 3947 Leonem
714 3895 867 3962 Angustum,
891 3893 1063 3959 Eutychet'e'm
1080 3909 1095 3943 a
1114 3892 1165 3943 fide
1192 3887 1338 3941 deerrare?

166 3965 241 4017 Idem
258 3964 468 4033 iecereAgathm
483 3963 602 4016 Pontifex
619 3967 751 4028 maximus,
763 3967 790 4014 in
808 3972 881 4016 sexta
899 3963 1001 4029 synodo
1020 3964 1122 4013 actione
1141 3968 1229 4029 quarta
1248 3965 1338 4009 contra

167 4033 360 4097 Honcthelitaa
373 4042 400 4085 et
450 4035 549 4085 anemis
567 4032 726 4101 temporibus
745 4032 882 4084 conciliem
892 4031 1072 4083 Biorentinnni
1086 4014 1337 4087 aeversatffi'a'eco-

166 4118 225 4154 rum
252 4117 363 4159 errores.
421 4118 489 4154 eue
515 4103 599 4155 solum
625 4103 676 4155 hoc
702 4104 832 4171 mmauam
858 4104 974 4170 urgente
995 4102 1153 4168 ar'gumentc'
1169 4097 1214 4147 nst
1236 4094 1349 4145 sentiit*

167 4171 272 4223 haeresi
289 4120 488 4237 proscriben‘im
508 4172 556 4223 sed
580 4174 655 4224 eiam
680 4171 776 4223 diserte
803 4172 967 4233 affirmarunt,
986 4169 1037 4220 hoc
1055 4167 1146 4218 efficax
1164 4179 1231 4216 esse.
1267 4162 1339 4214 Ecce

167 4239 250 4293 verba
268 4238 393 4306 Ephesioi
411 4240 527 4291 conciliit
549 4241 648 4292 invecti
666 4257 753 4292 sumus
771 4242 798 4290 in
815 4240 926 4292 Nestorii
944 4237 1095 4289 sceleratam
1113 4235 1348 4301 praesumtionem,-

169 4308 242 4377 quod
260 4324 280 4359 s.
299 4307 454 4376 scripturam
473 4325 502 4361 se
519 4312 628 4376 primum
647 4318 673 4360 et
689 4310 773 4360 solum
791 4308 945 4377 intelligere,
962 4316 988 4358 et
1006 4319 1095 4356 omnes
1114 4318 1160 4354 eos
1179 4299 1339 4379 errasse-ja:

172 4385 263 4441 curet,
273 4379 420 4447 quicunque
432 4387 492 4431 ante
504 4394 533 4430 se
550 4380 692 4497 map'sterii
708 4394 816 4430 munere
833 4374 1038 4445 praediti-divina
1055 4371 1098 4424 elo
1135 4370 1158 4423 la
1176 4372 1339 4454 mactattertt,

171 4455 198 4498 et
216 4454 351 4512 praeterea
375 4449 521 4499 universam
546 4449 684 4499 eccesiam
708 4462 819 4510 amasse,
846 4458 913 4515 quae
931 4456 964 4495 ex
981 4441 1048 4494 illius
1072 4450 1200 4493 sententia
1217 4440 1296 4493 coen

170 4517 323 4583 ignorantes
340 4514 521 4586 sequebatur.“
557 4515 739 4569 Pallavieinius
756 4519 784 4568 in
801 4516 859 4568 him
877 4529 952 4568 conc.
970 4515 1037 4567 trid.
1054 4515 1074 4573 1.
1092 4516 1133 4567 Vt.
1152 4530 1175 4566 e.
1194 4513 1235 4566 18.

1084 4607 1134 4669 3*
