<?xml version="1.0" encoding="UTF-8"?>
<!DOCTYPE html PUBLIC "-//W3C//DTD XHTML 1.0 Transitional//EN"
    "http://www.w3.org/TR/xhtml1/DTD/xhtml1-transitional.dtd">
<html xmlns="http://www.w3.org/1999/xhtml" xml:lang="en" lang="en">
 <head>
  <title>
</title>
<meta http-equiv="Content-Type" content="text/html;charset=utf-8" />
  <meta name='ocr-system' content='tesseract 3.04.00' />
  <meta name='ocr-capabilities' content='ocr_page ocr_carea ocr_par ocr_line ocrx_word'/>
</head>
<body>
  <div class='ocr_page' id='page_1' title='image "./hermeneuticabib00gngoog_0256.png"; bbox 0 0 2834 4896; ppageno 0'>
   <div class='ocr_carea' id='block_1_1' title="bbox 928 210 1271 321">
    <p class='ocr_par' dir='ltr' id='par_1_1' title="bbox 928 210 1271 321">
     <span class='ocr_line' id='line_1_1' title="bbox 928 210 1271 321; baseline -0.003 -45"><span class='ocrx_word' id='word_1_1' title='bbox 928 248 976 321; x_wconf 40' lang='grc' dir='ltr'><em>ᾗ</em></span> <span class='ocrx_word' id='word_1_2' title='bbox 1203 210 1271 276; x_wconf 68' lang='lat' dir='ltr'><strong><em>bbl</em></strong></span> 
     </span>
    </p>
   </div>
   <div class='ocr_carea' id='block_1_2' title="bbox 23 386 1278 4196">
    <p class='ocr_par' dir='ltr' id='par_1_2' title="bbox 25 386 1270 1774">
     <span class='ocr_line' id='line_1_2' title="bbox 120 386 1268 485; baseline -0.012 -25"><span class='ocrx_word' id='word_1_3' title='bbox 120 399 148 460; x_wconf 85' lang='lat' dir='ltr'><strong><em>l.</em></strong></span> <span class='ocrx_word' id='word_1_4' title='bbox 172 418 199 459; x_wconf 87' lang='lat' dir='ltr'><strong><em>e.</em></strong></span> <span class='ocrx_word' id='word_1_5' title='bbox 222 398 387 478; x_wconf 70' lang='lat' dir='ltr'><strong><em>Scriptura</em></strong></span> <span class='ocrx_word' id='word_1_6' title='bbox 409 417 472 479; x_wconf 81' lang='lat' dir='ltr'><strong><em>qna</em></strong></span> <span class='ocrx_word' id='word_1_7' title='bbox 498 397 664 477; x_wconf 83' lang='lat' dir='ltr'><strong><em>relipionis</em></strong></span> <span class='ocrx_word' id='word_1_8' title='bbox 686 395 846 457; x_wconf 73' lang='lat' dir='ltr'><strong><em>revelatae</em></strong></span> <span class='ocrx_word' id='word_1_9' title='bbox 864 386 940 466; x_wconf 78' lang='lat' dir='ltr'><strong><em>sons</em></strong></span> <span class='ocrx_word' id='word_1_10' title='bbox 961 407 1024 449; x_wconf 90' lang='lat' dir='ltr'><strong><em>non</em></strong></span> <span class='ocrx_word' id='word_1_11' title='bbox 1045 387 1147 450; x_wconf 88' lang='lat' dir='ltr'><strong><em>solnm</em></strong></span> <span class='ocrx_word' id='word_1_12' title='bbox 1167 404 1268 485; x_wconf 82' lang='lat' dir='ltr'><strong><em>prae·</em></strong></span> 
     </span>
     <span class='ocr_line' id='line_1_3' title="bbox 26 475 1269 565; baseline -0.01 -19"><span class='ocrx_word' id='word_1_13' title='bbox 26 494 121 565; x_wconf 86' lang='lat' dir='ltr'><strong><em>oepta</em></strong></span> <span class='ocrx_word' id='word_1_14' title='bbox 151 488 298 561; x_wconf 86' lang='lat' dir='ltr'><strong><em>moralia,</em></strong></span> <span class='ocrx_word' id='word_1_15' title='bbox 330 487 503 547; x_wconf 88' lang='lat' dir='ltr'><strong><em>sedetiam</em></strong></span> <span class='ocrx_word' id='word_1_16' title='bbox 537 484 700 549; x_wconf 83' lang='lat' dir='ltr'><strong><em>doctrinas</em></strong></span> <span class='ocrx_word' id='word_1_17' title='bbox 724 479 911 543; x_wconf 85' lang='lat' dir='ltr'><strong><em>tbeorcticas</em></strong></span> <span class='ocrx_word' id='word_1_18' title='bbox 935 484 965 537; x_wconf 93' lang='lat' dir='ltr'><strong><em>et</em></strong></span> <span class='ocrx_word' id='word_1_19' title='bbox 985 476 1095 536; x_wconf 83' lang='lat' dir='ltr'><strong><em>carias</em></strong></span> <span class='ocrx_word' id='word_1_20' title='bbox 1116 475 1269 537; x_wconf 78' lang='lat' dir='ltr'><strong><em>bistonios</em></strong></span> 
     </span>
     <span class='ocr_line' id='line_1_4' title="bbox 27 561 1270 651; baseline -0.01 -19"><span class='ocrx_word' id='word_1_21' title='bbox 27 573 176 647; x_wconf 87' lang='lat' dir='ltr'><strong><em>continet,</em></strong></span> <span class='ocrx_word' id='word_1_22' title='bbox 213 590 292 651; x_wconf 84' lang='lat' dir='ltr'><strong><em>quae</em></strong></span> <span class='ocrx_word' id='word_1_23' title='bbox 316 590 352 632; x_wconf 90' lang='lat' dir='ltr'><strong><em>eo</em></strong></span> <span class='ocrx_word' id='word_1_24' title='bbox 376 575 409 632; x_wconf 92' lang='lat' dir='ltr'><strong><em>in</em></strong></span> <span class='ocrx_word' id='word_1_25' title='bbox 430 590 514 650; x_wconf 76' lang='lat' dir='ltr'><strong><em>nemu</em></strong></span> <span class='ocrx_word' id='word_1_26' title='bbox 545 573 669 648; x_wconf 85' lang='lat' dir='ltr'><strong><em>positae</em></strong></span> <span class='ocrx_word' id='word_1_27' title='bbox 703 577 778 629; x_wconf 86' lang='lat' dir='ltr'><strong><em>sunt</em></strong></span> <span class='ocrx_word' id='word_1_28' title='bbox 809 582 878 627; x_wconf 91' lang='lat' dir='ltr'><strong><em>cum</em></strong></span> <span class='ocrx_word' id='word_1_29' title='bbox 912 562 1058 622; x_wconf 90' lang='lat' dir='ltr'><strong><em>doctrina</em></strong></span> <span class='ocrx_word' id='word_1_30' title='bbox 1088 561 1270 634; x_wconf 73' lang='lat' dir='ltr'><strong><em>moretiel</em></strong></span> 
     </span>
     <span class='ocr_line' id='line_1_5' title="bbox 28 645 1269 737; baseline -0.012 -19"><span class='ocrx_word' id='word_1_31' title='bbox 28 676 99 718; x_wconf 85' lang='lat' dir='ltr'><strong><em>cam</em></strong></span> <span class='ocrx_word' id='word_1_32' title='bbox 116 653 237 737; x_wconf 87' lang='lat' dir='ltr'><strong><em>partim</em></strong></span> <span class='ocrx_word' id='word_1_33' title='bbox 259 657 425 732; x_wconf 87' lang='lat' dir='ltr'><strong><em>illustrent,</em></strong></span> <span class='ocrx_word' id='word_1_34' title='bbox 454 660 571 736; x_wconf 89' lang='lat' dir='ltr'><strong><em>partim</em></strong></span> <span class='ocrx_word' id='word_1_35' title='bbox 599 656 803 734; x_wconf 83' lang='lat' dir='ltr'><strong><em>fundamenta</em></strong></span> <span class='ocrx_word' id='word_1_36' title='bbox 823 671 862 713; x_wconf 89' lang='lat' dir='ltr'><strong><em>ac</em></strong></span> <span class='ocrx_word' id='word_1_37' title='bbox 885 653 1002 713; x_wconf 88' lang='lat' dir='ltr'><strong><em>motion</em></strong></span> <span class='ocrx_word' id='word_1_38' title='bbox 1024 651 1093 727; x_wconf 85' lang='lat' dir='ltr'><strong><em>ejus</em></strong></span> <span class='ocrx_word' id='word_1_39' title='bbox 1116 645 1269 726; x_wconf 88' lang='lat' dir='ltr'><strong><em>suppedi-</em></strong></span> 
     </span>
     <span class='ocr_line' id='line_1_6' title="bbox 25 737 1268 806; baseline -0.012 -1"><span class='ocrx_word' id='word_1_40' title='bbox 25 753 101 805; x_wconf 86' lang='lat' dir='ltr'><strong><em>tent.</em></strong></span> <span class='ocrx_word' id='word_1_41' title='bbox 147 743 249 806; x_wconf 84' lang='lat' dir='ltr'><strong><em>Porro</em></strong></span> <span class='ocrx_word' id='word_1_42' title='bbox 271 748 352 805; x_wconf 83' lang='lat' dir='ltr'><strong><em>inter</em></strong></span> <span class='ocrx_word' id='word_1_43' title='bbox 381 744 544 805; x_wconf 88' lang='lat' dir='ltr'><strong><em>doctrinas</em></strong></span> <span class='ocrx_word' id='word_1_44' title='bbox 578 743 766 804; x_wconf 76' lang='lat' dir='ltr'><strong><em>dworeticas</em></strong></span> <span class='ocrx_word' id='word_1_45' title='bbox 795 741 956 801; x_wconf 81' lang='lat' dir='ltr'><strong><em>revelatos</em></strong></span> <span class='ocrx_word' id='word_1_46' title='bbox 978 741 1072 799; x_wconf 91' lang='lat' dir='ltr'><strong><em>etiam</em></strong></span> <span class='ocrx_word' id='word_1_47' title='bbox 1094 737 1174 801; x_wconf 88' lang='lat' dir='ltr'><strong><em>tales</em></strong></span> <span class='ocrx_word' id='word_1_48' title='bbox 1198 748 1268 792; x_wconf 86' lang='lat' dir='ltr'><strong><em>esse</em></strong></span> 
     </span>
     <span class='ocr_line' id='line_1_7' title="bbox 26 827 1268 911; baseline -0.01 -20"><span class='ocrx_word' id='word_1_49' title='bbox 26 829 157 905; x_wconf 88' lang='lat' dir='ltr'><strong><em>debent,</em></strong></span> <span class='ocrx_word' id='word_1_50' title='bbox 190 849 270 911; x_wconf 77' lang='lat' dir='ltr'><strong><em>quoe</em></strong></span> <span class='ocrx_word' id='word_1_51' title='bbox 303 832 422 890; x_wconf 87' lang='lat' dir='ltr'><strong><em>rationi</em></strong></span> <span class='ocrx_word' id='word_1_52' title='bbox 451 831 604 890; x_wconf 79' lang='lat' dir='ltr'><strong><em>numanae</em></strong></span> <span class='ocrx_word' id='word_1_53' title='bbox 635 830 806 907; x_wconf 79' lang='lat' dir='ltr'><strong><em>imperviae</em></strong></span> <span class='ocrx_word' id='word_1_54' title='bbox 837 835 911 888; x_wconf 89' lang='lat' dir='ltr'><strong><em>sunt</em></strong></span> <span class='ocrx_word' id='word_1_55' title='bbox 932 827 1091 905; x_wconf 79' lang='lat' dir='ltr'><strong><em>(mysteria</em></strong></span> <span class='ocrx_word' id='word_1_56' title='bbox 1111 827 1157 902; x_wconf 75' lang='lat'><strong><em>*),</em></strong></span> <span class='ocrx_word' id='word_1_57' title='bbox 1188 835 1268 899; x_wconf 81' lang='lat' dir='ltr'><strong><em>quas</em></strong></span> 
     </span>
     <span class='ocr_line' id='line_1_8' title="bbox 26 915 1267 995; baseline -0.001 -18"><span class='ocrx_word' id='word_1_58' title='bbox 26 925 132 978; x_wconf 88' lang='lat' dir='ltr'><strong><em>lamen</em></strong></span> <span class='ocrx_word' id='word_1_59' title='bbox 154 934 225 977; x_wconf 89' lang='lat' dir='ltr'><strong><em>cnm</em></strong></span> <span class='ocrx_word' id='word_1_60' title='bbox 244 919 390 995; x_wconf 88' lang='lat' dir='ltr'><strong><em>practica</em></strong></span> <span class='ocrx_word' id='word_1_61' title='bbox 411 918 616 978; x_wconf 88' lang='lat' dir='ltr'><strong><em>recolationis</em></strong></span> <span class='ocrx_word' id='word_1_62' title='bbox 637 923 727 993; x_wconf 90' lang='lat' dir='ltr'><strong><em>porte</em></strong></span> <span class='ocrx_word' id='word_1_63' title='bbox 750 915 858 974; x_wconf 90' lang='lat' dir='ltr'><strong><em>intimo</em></strong></span> <span class='ocrx_word' id='word_1_64' title='bbox 882 917 915 974; x_wconf 90' lang='lat' dir='ltr'><strong><em>in</em></strong></span> <span class='ocrx_word' id='word_1_65' title='bbox 937 932 1020 974; x_wconf 80' lang='lat' dir='ltr'><strong><em>neca</em></strong></span> <span class='ocrx_word' id='word_1_66' title='bbox 1041 916 1169 992; x_wconf 88' lang='lat' dir='ltr'><strong><em>positas</em></strong></span> <span class='ocrx_word' id='word_1_67' title='bbox 1187 933 1267 992; x_wconf 87' lang='lat' dir='ltr'><strong><em>esse,</em></strong></span> 
     </span>
     <span class='ocr_line' id='line_1_9' title="bbox 25 1001 1268 1083; baseline 0.001 -20"><span class='ocrx_word' id='word_1_68' title='bbox 25 1021 118 1063; x_wconf 87' lang='lat' dir='ltr'><strong><em>nemo</em></strong></span> <span class='ocrx_word' id='word_1_69' title='bbox 139 1006 263 1081; x_wconf 89' lang='lat' dir='ltr'><strong><em>peritus</em></strong></span> <span class='ocrx_word' id='word_1_70' title='bbox 284 1002 419 1081; x_wconf 82' lang='lat' dir='ltr'><strong><em>nepabit.</em></strong></span> <span class='ocrx_word' id='word_1_71' title='bbox 466 1001 551 1063; x_wconf 84' lang='lat' dir='ltr'><strong><em>Unde</em></strong></span> <span class='ocrx_word' id='word_1_72' title='bbox 574 1002 771 1083; x_wconf 74' lang='lat' dir='ltr'><strong><em>menifestum</em></strong></span> <span class='ocrx_word' id='word_1_73' title='bbox 793 1009 849 1076; x_wconf 89' lang='lat' dir='ltr'><strong><em>est,</em></strong></span> <span class='ocrx_word' id='word_1_74' title='bbox 882 1004 974 1063; x_wconf 88' lang='lat' dir='ltr'><strong><em>etiam</em></strong></span> <span class='ocrx_word' id='word_1_75' title='bbox 997 1001 1034 1061; x_wconf 93' lang='lat' dir='ltr'><strong><em>de</em></strong></span> <span class='ocrx_word' id='word_1_76' title='bbox 1057 1019 1153 1062; x_wconf 89' lang='lat' dir='ltr'><strong><em>sensu</em></strong></span> <span class='ocrx_word' id='word_1_77' title='bbox 1184 1003 1268 1064; x_wconf 88' lang='lat' dir='ltr'><strong><em>ista-</em></strong></span> 
     </span>
     <span class='ocr_line' id='line_1_10' title="bbox 27 1088 1269 1167; baseline 0.002 -16"><span class='ocrx_word' id='word_1_78' title='bbox 27 1108 98 1151; x_wconf 90' lang='lat' dir='ltr'><strong><em>rum</em></strong></span> <span class='ocrx_word' id='word_1_79' title='bbox 126 1091 267 1167; x_wconf 81' lang='lat' dir='ltr'><strong><em>portiani</em></strong></span> <span class='ocrx_word' id='word_1_80' title='bbox 290 1088 542 1164; x_wconf 83' lang='lat' dir='ltr'><strong><em>(theoreticnrum</em></strong></span> <span class='ocrx_word' id='word_1_81' title='bbox 567 1095 598 1149; x_wconf 88' lang='lat' dir='ltr'><strong><em>et</em></strong></span> <span class='ocrx_word' id='word_1_82' title='bbox 621 1088 864 1164; x_wconf 82' lang='lat' dir='ltr'><strong><em>historicorum),</em></strong></span> <span class='ocrx_word' id='word_1_83' title='bbox 882 1091 912 1148; x_wconf 85' lang='lat' dir='ltr'><strong><em>si</em></strong></span> <span class='ocrx_word' id='word_1_84' title='bbox 934 1106 989 1148; x_wconf 82' lang='lat' dir='ltr'><strong><em>eos</em></strong></span> <span class='ocrx_word' id='word_1_85' title='bbox 1023 1107 1063 1148; x_wconf 83' lang='lat' dir='ltr'><strong><em>ea</em></strong></span> <span class='ocrx_word' id='word_1_86' title='bbox 1084 1089 1143 1151; x_wconf 89' lang='lat' dir='ltr'><strong><em>bac</em></strong></span> <span class='ocrx_word' id='word_1_87' title='bbox 1166 1092 1269 1153; x_wconf 88' lang='lat' dir='ltr'><strong><em>solnm</em></strong></span> 
     </span>
     <span class='ocr_line' id='line_1_11' title="bbox 26 1174 1267 1255; baseline 0.002 -18"><span class='ocrx_word' id='word_1_88' title='bbox 26 1176 185 1237; x_wconf 78' lang='lat' dir='ltr'><strong><em>relatione</em></strong></span> <span class='ocrx_word' id='word_1_89' title='bbox 215 1184 406 1254; x_wconf 87' lang='lat' dir='ltr'><strong><em>spectemus,</em></strong></span> <span class='ocrx_word' id='word_1_90' title='bbox 444 1176 660 1237; x_wconf 77' lang='lat' dir='ltr'><strong><em>certitudinem</em></strong></span> <span class='ocrx_word' id='word_1_91' title='bbox 691 1183 821 1255; x_wconf 89' lang='lat' dir='ltr'><strong><em>praesto</em></strong></span> <span class='ocrx_word' id='word_1_92' title='bbox 855 1193 924 1235; x_wconf 88' lang='lat' dir='ltr'><strong><em>esse</em></strong></span> <span class='ocrx_word' id='word_1_93' title='bbox 958 1174 1086 1250; x_wconf 88' lang='lat' dir='ltr'><strong><em>debere,</em></strong></span> <span class='ocrx_word' id='word_1_94' title='bbox 1120 1195 1159 1237; x_wconf 91' lang='lat' dir='ltr'><strong><em>ne</em></strong></span> <span class='ocrx_word' id='word_1_95' title='bbox 1187 1195 1267 1255; x_wconf 87' lang='lat' dir='ltr'><strong><em>pars</em></strong></span> 
     </span>
     <span class='ocr_line' id='line_1_12' title="bbox 25 1262 1267 1342; baseline 0.002 -19"><span class='ocrx_word' id='word_1_96' title='bbox 25 1264 174 1342; x_wconf 90' lang='lat' dir='ltr'><strong><em>practica</em></strong></span> <span class='ocrx_word' id='word_1_97' title='bbox 206 1262 273 1323; x_wconf 90' lang='lat' dir='ltr'><strong><em>illis</em></strong></span> <span class='ocrx_word' id='word_1_98' title='bbox 306 1272 525 1341; x_wconf 87' lang='lat' dir='ltr'><strong><em>superstructa</em></strong></span> <span class='ocrx_word' id='word_1_99' title='bbox 555 1262 767 1342; x_wconf 84' lang='lat' dir='ltr'><strong><em>periclitetur,</em></strong></span> <span class='ocrx_word' id='word_1_100' title='bbox 790 1270 846 1323; x_wconf 91' lang='lat' dir='ltr'><strong><em>out</em></strong></span> <span class='ocrx_word' id='word_1_101' title='bbox 876 1263 999 1322; x_wconf 91' lang='lat' dir='ltr'><strong><em>motiois</em></strong></span> <span class='ocrx_word' id='word_1_102' title='bbox 1036 1262 1267 1340; x_wconf 79' lang='lat' dir='ltr'><strong><em>efficacissimis</em></strong></span> 
     </span>
     <span class='ocr_line' id='line_1_13' title="bbox 28 1348 1266 1432; baseline 0.002 -22"><span class='ocrx_word' id='word_1_103' title='bbox 28 1351 228 1411; x_wconf 85' lang='lat' dir='ltr'><strong><em>destituatur.</em></strong></span> <span class='ocrx_word' id='word_1_104' title='bbox 276 1348 474 1410; x_wconf 80' lang='lat' dir='ltr'><strong><em>Tbeareticac</em></strong></span> <span class='ocrx_word' id='word_1_105' title='bbox 489 1350 561 1427; x_wconf 84' lang='lat' dir='ltr'><strong><em>jam</em></strong></span> <span class='ocrx_word' id='word_1_106' title='bbox 594 1364 669 1409; x_wconf 90' lang='lat' dir='ltr'><strong><em>aero</em></strong></span> <span class='ocrx_word' id='word_1_107' title='bbox 696 1349 875 1423; x_wconf 89' lang='lat' dir='ltr'><strong><em>doctrinae,</em></strong></span> <span class='ocrx_word' id='word_1_108' title='bbox 911 1350 957 1408; x_wconf 91' lang='lat' dir='ltr'><strong><em>uti</em></strong></span> <span class='ocrx_word' id='word_1_109' title='bbox 989 1356 1019 1409; x_wconf 91' lang='lat' dir='ltr'><strong><em>et</em></strong></span> <span class='ocrx_word' id='word_1_110' title='bbox 1048 1348 1136 1426; x_wconf 81' lang='lat' dir='ltr'><strong><em>facta</em></strong></span> <span class='ocrx_word' id='word_1_111' title='bbox 1169 1369 1266 1432; x_wconf 83' lang='lat' dir='ltr'><strong><em>eoque</em></strong></span> 
     </span>
     <span class='ocr_line' id='line_1_14' title="bbox 28 1435 1267 1516; baseline 0.003 -21"><span class='ocrx_word' id='word_1_112' title='bbox 28 1437 130 1514; x_wconf 84' lang='lat' dir='ltr'><strong><em>mopis</em></strong></span> <span class='ocrx_word' id='word_1_113' title='bbox 152 1437 303 1516; x_wconf 80' lang='lat' dir='ltr'><strong><em>mysteria</em></strong></span> <span class='ocrx_word' id='word_1_114' title='bbox 325 1445 417 1498; x_wconf 78' lang='lat' dir='ltr'><strong><em>entra</em></strong></span> <span class='ocrx_word' id='word_1_115' title='bbox 438 1435 606 1513; x_wconf 78' lang='lat' dir='ltr'><strong><em>sphaeram</em></strong></span> <span class='ocrx_word' id='word_1_116' title='bbox 626 1436 840 1512; x_wconf 89' lang='lat' dir='ltr'><strong><em>practicarum</em></strong></span> <span class='ocrx_word' id='word_1_117' title='bbox 862 1435 999 1495; x_wconf 90' lang='lat' dir='ltr'><strong><em>rationis</em></strong></span> <span class='ocrx_word' id='word_1_118' title='bbox 1018 1454 1119 1513; x_wconf 90' lang='lat' dir='ltr'><strong><em>purae</em></strong></span> <span class='ocrx_word' id='word_1_119' title='bbox 1140 1439 1267 1515; x_wconf 91' lang='lat' dir='ltr'><strong><em>princi-</em></strong></span> 
     </span>
     <span class='ocr_line' id='line_1_15' title="bbox 27 1521 1267 1602; baseline 0.003 -20"><span class='ocrx_word' id='word_1_120' title='bbox 27 1524 154 1602; x_wconf 82' lang='lat' dir='ltr'><strong><em>piorum</em></strong></span> <span class='ocrx_word' id='word_1_121' title='bbox 184 1523 251 1584; x_wconf 89' lang='lat' dir='ltr'><strong><em>sita</em></strong></span> <span class='ocrx_word' id='word_1_122' title='bbox 283 1530 374 1593; x_wconf 75' lang='lat' dir='ltr'><strong><em>suist3</em></strong></span> <span class='ocrx_word' id='word_1_123' title='bbox 394 1530 517 1600; x_wconf 83' lang='lat' dir='ltr'><strong><em>partes</em></strong></span> <span class='ocrx_word' id='word_1_124' title='bbox 550 1523 654 1600; x_wconf 86' lang='lat' dir='ltr'><strong><em>itaque</em></strong></span> <span class='ocrx_word' id='word_1_125' title='bbox 685 1538 710 1581; x_wconf 84' lang='lat' dir='ltr'><strong><em>s.</em></strong></span> <span class='ocrx_word' id='word_1_126' title='bbox 745 1521 928 1599; x_wconf 78' lang='lat' dir='ltr'><strong><em>scripturae</em></strong></span> <span class='ocrx_word' id='word_1_127' title='bbox 961 1522 1039 1583; x_wconf 90' lang='lat' dir='ltr'><strong><em>talia</em></strong></span> <span class='ocrx_word' id='word_1_128' title='bbox 1074 1526 1267 1587; x_wconf 84' lang='lat' dir='ltr'><strong><em>continentes</em></strong></span> 
     </span>
     <span class='ocr_line' id='line_1_16' title="bbox 32 1608 1253 1688; baseline 0.003 -19"><span class='ocrx_word' id='word_1_129' title='bbox 32 1609 198 1686; x_wconf 84' lang='lat' dir='ltr'><strong><em>interprete</em></strong></span> <span class='ocrx_word' id='word_1_130' title='bbox 221 1608 398 1669; x_wconf 71' lang='lat' dir='ltr'><strong><em>anthentica</em></strong></span> <span class='ocrx_word' id='word_1_131' title='bbox 419 1627 556 1687; x_wconf 77' lang='lat' dir='ltr'><strong><em>prorsas</em></strong></span> <span class='ocrx_word' id='word_1_132' title='bbox 579 1609 830 1684; x_wconf 80' lang='lat' dir='ltr'><strong><em>destituerentur,</em></strong></span> <span class='ocrx_word' id='word_1_133' title='bbox 849 1609 879 1667; x_wconf 85' lang='lat' dir='ltr'><strong><em>si</em></strong></span> <span class='ocrx_word' id='word_1_134' title='bbox 900 1609 983 1669; x_wconf 90' lang='lat' dir='ltr'><strong><em>ratio</em></strong></span> <span class='ocrx_word' id='word_1_135' title='bbox 1003 1611 1149 1688; x_wconf 89' lang='lat' dir='ltr'><strong><em>practica</em></strong></span> <span class='ocrx_word' id='word_1_136' title='bbox 1169 1613 1253 1673; x_wconf 86' lang='lat' dir='ltr'><strong><em>inter</em></strong></span> 
     </span>
     <span class='ocr_line' id='line_1_17' title="bbox 28 1694 1238 1774; baseline 0.001 -19"><span class='ocrx_word' id='word_1_137' title='bbox 28 1712 103 1774; x_wconf 83' lang='lat' dir='ltr'><strong><em>pree</em></strong></span> <span class='ocrx_word' id='word_1_138' title='bbox 125 1694 308 1757; x_wconf 79' lang='lat' dir='ltr'><strong><em>authentica</em></strong></span> <span class='ocrx_word' id='word_1_139' title='bbox 330 1694 505 1757; x_wconf 87' lang='lat' dir='ltr'><strong><em>baberetur.</em></strong></span> <span class='ocrx_word' id='word_1_140' title='bbox 666 1710 669 1717; x_wconf 90' lang='lat'>·</span> <span class='ocrx_word' id='word_1_141' title='bbox 1235 1718 1238 1724; x_wconf 93' lang='lat'><strong>·</strong></span> 
     </span>
    </p>

    <p class='ocr_par' dir='ltr' id='par_1_3' title="bbox 27 1780 1275 2285">
     <span class='ocr_line' id='line_1_18' title="bbox 119 1780 1272 1863; baseline 0.003 -21"><span class='ocrx_word' id='word_1_142' title='bbox 119 1781 149 1843; x_wconf 87' lang='lat'><strong><em>2.</em></strong></span> <span class='ocrx_word' id='word_1_143' title='bbox 174 1781 319 1848; x_wconf 77' lang='lat' dir='ltr'><strong><em>Rationis</em></strong></span> <span class='ocrx_word' id='word_1_144' title='bbox 347 1799 449 1859; x_wconf 88' lang='lat' dir='ltr'><strong><em>purae</em></strong></span> <span class='ocrx_word' id='word_1_145' title='bbox 480 1782 641 1862; x_wconf 88' lang='lat' dir='ltr'><strong><em>principia</em></strong></span> <span class='ocrx_word' id='word_1_146' title='bbox 670 1780 817 1861; x_wconf 88' lang='lat' dir='ltr'><strong><em>practica</em></strong></span> <span class='ocrx_word' id='word_1_147' title='bbox 849 1780 925 1840; x_wconf 90' lang='lat' dir='ltr'><strong><em>talis</em></strong></span> <span class='ocrx_word' id='word_1_148' title='bbox 963 1789 1068 1842; x_wconf 86' lang='lat' dir='ltr'><strong><em>essent</em></strong></span> <span class='ocrx_word' id='word_1_149' title='bbox 1105 1783 1272 1863; x_wconf 80' lang='lat' dir='ltr'><strong><em>interpres,</em></strong></span> 
     </span>
     <span class='ocr_line' id='line_1_19' title="bbox 30 1865 1275 1949; baseline 0.002 -20"><span class='ocrx_word' id='word_1_150' title='bbox 30 1868 85 1949; x_wconf 84' lang='lat' dir='ltr'><strong><em>qui</em></strong></span> <span class='ocrx_word' id='word_1_151' title='bbox 105 1869 188 1947; x_wconf 76' lang='lat' dir='ltr'><strong><em>ipsis</em></strong></span> <span class='ocrx_word' id='word_1_152' title='bbox 210 1868 278 1928; x_wconf 87' lang='lat' dir='ltr'><strong><em>illis</em></strong></span> <span class='ocrx_word' id='word_1_153' title='bbox 312 1876 437 1929; x_wconf 89' lang='lat' dir='ltr'><strong><em>careret</em></strong></span> <span class='ocrx_word' id='word_1_154' title='bbox 471 1867 606 1942; x_wconf 87' lang='lat' dir='ltr'><strong><em>dotibus,</em></strong></span> <span class='ocrx_word' id='word_1_155' title='bbox 630 1886 710 1947; x_wconf 83' lang='lat' dir='ltr'><strong><em>quas</em></strong></span> <span class='ocrx_word' id='word_1_156' title='bbox 732 1865 862 1927; x_wconf 88' lang='lat' dir='ltr'><strong><em>moralis</em></strong></span> <span class='ocrx_word' id='word_1_157' title='bbox 886 1869 1156 1945; x_wconf 86' lang='lat' dir='ltr'><strong><em>interpretationis</em></strong></span> <span class='ocrx_word' id='word_1_158' title='bbox 1179 1871 1275 1933; x_wconf 88' lang='lat' dir='ltr'><strong><em>amici</em></strong></span> 
     </span>
     <span class='ocr_line' id='line_1_20' title="bbox 29 1954 1275 2032; baseline 0.003 -17"><span class='ocrx_word' id='word_1_159' title='bbox 29 1957 63 2015; x_wconf 84' lang='lat' dir='ltr'><strong><em>in</em></strong></span> <span class='ocrx_word' id='word_1_160' title='bbox 85 1956 267 2016; x_wconf 75' lang='lat' dir='ltr'><strong><em>authentico</em></strong></span> <span class='ocrx_word' id='word_1_161' title='bbox 290 1973 334 2015; x_wconf 89' lang='lat' dir='ltr'><strong><em>ss.</em></strong></span> <span class='ocrx_word' id='word_1_162' title='bbox 351 1954 512 2016; x_wconf 87' lang='lat' dir='ltr'><strong><em>literarum</em></strong></span> <span class='ocrx_word' id='word_1_163' title='bbox 533 1957 703 2032; x_wconf 88' lang='lat' dir='ltr'><strong><em>interprete</em></strong></span> <span class='ocrx_word' id='word_1_164' title='bbox 725 1956 928 2014; x_wconf 83' lang='lat' dir='ltr'><strong><em>necessarias</em></strong></span> <span class='ocrx_word' id='word_1_165' title='bbox 943 1972 1013 2015; x_wconf 90' lang='lat' dir='ltr'><strong><em>esse</em></strong></span> <span class='ocrx_word' id='word_1_166' title='bbox 1036 1964 1120 2016; x_wconf 90' lang='lat' dir='ltr'><strong><em>recte</em></strong></span> <span class='ocrx_word' id='word_1_167' title='bbox 1144 1957 1275 2030; x_wconf 88' lang='lat' dir='ltr'><strong><em>docent;</em></strong></span> 
     </span>
     <span class='ocr_line' id='line_1_21' title="bbox 28 2040 1274 2119; baseline 0.002 -17"><span class='ocrx_word' id='word_1_168' title='bbox 28 2058 102 2102; x_wconf 87' lang='lat' dir='ltr'><strong><em>nam</em></strong></span> <span class='ocrx_word' id='word_1_169' title='bbox 136 2042 293 2119; x_wconf 84' lang='lat' dir='ltr'><strong><em>interpres</em></strong></span> <span class='ocrx_word' id='word_1_170' title='bbox 322 2041 371 2102; x_wconf 81' lang='lat' dir='ltr'><strong><em>bic</em></strong></span> <span class='ocrx_word' id='word_1_171' title='bbox 399 2060 462 2102; x_wconf 90' lang='lat' dir='ltr'><strong><em>non</em></strong></span> <span class='ocrx_word' id='word_1_172' title='bbox 493 2049 577 2101; x_wconf 87' lang='lat' dir='ltr'><strong><em>esset</em></strong></span> <span class='ocrx_word' id='word_1_173' title='bbox 603 2040 714 2119; x_wconf 77' lang='lat' dir='ltr'><strong><em>facilis</em></strong></span> <span class='ocrx_word' id='word_1_174' title='bbox 745 2040 843 2115; x_wconf 91' lang='lat' dir='ltr'><strong><em>aditu,</em></strong></span> <span class='ocrx_word' id='word_1_175' title='bbox 878 2058 976 2119; x_wconf 84' lang='lat' dir='ltr'><strong><em>neque</em></strong></span> <span class='ocrx_word' id='word_1_176' title='bbox 998 2044 1217 2105; x_wconf 89' lang='lat' dir='ltr'><strong><em>autonomieae</em></strong></span> <span class='ocrx_word' id='word_1_177' title='bbox 1240 2045 1274 2104; x_wconf 78' lang='lat' dir='ltr'><strong><em>in</em></strong></span> 
     </span>
     <span class='ocr_line' id='line_1_22' title="bbox 27 2125 1273 2207; baseline 0.002 -18"><span class='ocrx_word' id='word_1_178' title='bbox 27 2128 142 2207; x_wconf 84' lang='lat' dir='ltr'><strong><em>quouis</em></strong></span> <span class='ocrx_word' id='word_1_179' title='bbox 164 2128 327 2206; x_wconf 81' lang='lat' dir='ltr'><strong><em>dipnitatis</em></strong></span> <span class='ocrx_word' id='word_1_180' title='bbox 349 2136 381 2188; x_wconf 85' lang='lat' dir='ltr'><strong><em>et</em></strong></span> <span class='ocrx_word' id='word_1_181' title='bbox 402 2127 551 2189; x_wconf 79' lang='lat' dir='ltr'><strong><em>indubiae</em></strong></span> <span class='ocrx_word' id='word_1_182' title='bbox 585 2128 794 2202; x_wconf 73' lang='lat' dir='ltr'><strong><em>anactoritotis,</em></strong></span> <span class='ocrx_word' id='word_1_183' title='bbox 827 2144 926 2206; x_wconf 83' lang='lat' dir='ltr'><strong><em>neque</em></strong></span> <span class='ocrx_word' id='word_1_184' title='bbox 949 2146 971 2189; x_wconf 94' lang='lat' dir='ltr'><strong><em>a</em></strong></span> <span class='ocrx_word' id='word_1_185' title='bbox 992 2125 1059 2189; x_wconf 89' lang='lat' dir='ltr'><strong><em>Deo</em></strong></span> <span class='ocrx_word' id='word_1_186' title='bbox 1082 2131 1153 2207; x_wconf 85' lang='lat' dir='ltr'><strong><em>ipso</em></strong></span> <span class='ocrx_word' id='word_1_187' title='bbox 1176 2131 1273 2191; x_wconf 82' lang='lat' dir='ltr'><strong><em>insti-</em></strong></span> 
     </span>
     <span class='ocr_line' id='line_1_23' title="bbox 29 2212 771 2285; baseline -0.001 -9"><span class='ocrx_word' id='word_1_188' title='bbox 29 2223 124 2285; x_wconf 77' lang='lat' dir='ltr'><strong><em>tutus,</em></strong></span> <span class='ocrx_word' id='word_1_189' title='bbox 169 2212 241 2274; x_wconf 93' lang='lat' dir='ltr'><strong><em>Non</em></strong></span> <span class='ocrx_word' id='word_1_190' title='bbox 262 2221 347 2274; x_wconf 85' lang='lat' dir='ltr'><strong><em>esset</em></strong></span> <span class='ocrx_word' id='word_1_191' title='bbox 767 2268 771 2275; x_wconf 77' lang='grc'><strong><em>,</em></strong></span> 
     </span>
    </p>

    <p class='ocr_par' dir='ltr' id='par_1_4' title="bbox 25 2300 1278 3410">
     <span class='ocr_line' id='line_1_24' title="bbox 117 2300 1275 2380; baseline 0.002 -18"><span class='ocrx_word' id='word_1_192' title='bbox 117 2305 156 2374; x_wconf 86' lang='lat' dir='ltr'><strong><em>a)</em></strong></span> <span class='ocrx_word' id='word_1_193' title='bbox 183 2300 295 2378; x_wconf 81' lang='lat' dir='ltr'><strong><em>facilis</em></strong></span> <span class='ocrx_word' id='word_1_194' title='bbox 329 2300 440 2373; x_wconf 87' lang='lat' dir='ltr'><strong><em>aditu,·</em></strong></span> <span class='ocrx_word' id='word_1_195' title='bbox 479 2300 590 2360; x_wconf 86' lang='lat' dir='ltr'><strong><em>etenim</em></strong></span> <span class='ocrx_word' id='word_1_196' title='bbox 630 2300 790 2378; x_wconf 88' lang='lat' dir='ltr'><strong><em>principia</em></strong></span> <span class='ocrx_word' id='word_1_197' title='bbox 819 2300 967 2376; x_wconf 89' lang='lat' dir='ltr'><strong><em>practica</em></strong></span> <span class='ocrx_word' id='word_1_198' title='bbox 1004 2301 1141 2362; x_wconf 88' lang='lat' dir='ltr'><strong><em>rationis</em></strong></span> <span class='ocrx_word' id='word_1_199' title='bbox 1173 2320 1275 2380; x_wconf 87' lang='lat' dir='ltr'><strong><em>purae</em></strong></span> 
     </span>
     <span class='ocr_line' id='line_1_25' title="bbox 25 2384 1278 2468; baseline 0.002 -19"><span class='ocrx_word' id='word_1_200' title='bbox 25 2389 143 2468; x_wconf 88' lang='lat' dir='ltr'><strong><em>paucis</em></strong></span> <span class='ocrx_word' id='word_1_201' title='bbox 175 2395 304 2455; x_wconf 84' lang='lat' dir='ltr'><strong><em>tantum,</em></strong></span> <span class='ocrx_word' id='word_1_202' title='bbox 329 2386 502 2465; x_wconf 84' lang='lat' dir='ltr'><strong><em>etquidem</em></strong></span> <span class='ocrx_word' id='word_1_203' title='bbox 531 2386 658 2446; x_wconf 89' lang='lat' dir='ltr'><strong><em>nonnisi</em></strong></span> <span class='ocrx_word' id='word_1_204' title='bbox 689 2384 877 2447; x_wconf 83' lang='lat' dir='ltr'><strong><em>cultioribus</em></strong></span> <span class='ocrx_word' id='word_1_205' title='bbox 910 2389 1036 2464; x_wconf 81' lang='lat' dir='ltr'><strong><em>capuita</em></strong></span> <span class='ocrx_word' id='word_1_206' title='bbox 1067 2396 1150 2463; x_wconf 91' lang='lat' dir='ltr'><strong><em>sunt,</em></strong></span> <span class='ocrx_word' id='word_1_207' title='bbox 1173 2390 1218 2450; x_wconf 90' lang='lat' dir='ltr'><strong><em>ita</em></strong></span> <span class='ocrx_word' id='word_1_208' title='bbox 1240 2396 1278 2451; x_wconf 82' lang='lat' dir='ltr'><strong><em>u&#39;t</em></strong></span> 
     </span>
     <span class='ocr_line' id='line_1_26' title="bbox 28 2472 1273 2551; baseline 0.001 -15"><span class='ocrx_word' id='word_1_209' title='bbox 28 2493 122 2537; x_wconf 91' lang='lat' dir='ltr'><strong><em>usum</em></strong></span> <span class='ocrx_word' id='word_1_210' title='bbox 146 2492 252 2534; x_wconf 88' lang='lat' dir='ltr'><strong><em>eorum</em></strong></span> <span class='ocrx_word' id='word_1_211' title='bbox 272 2472 380 2549; x_wconf 86' lang='lat' dir='ltr'><strong><em>facere</em></strong></span> <span class='ocrx_word' id='word_1_212' title='bbox 416 2473 563 2545; x_wconf 84' lang='lat' dir='ltr'><strong><em>valeant,·</em></strong></span> <span class='ocrx_word' id='word_1_213' title='bbox 596 2474 724 2534; x_wconf 88' lang='lat' dir='ltr'><strong><em>incultis</em></strong></span> <span class='ocrx_word' id='word_1_214' title='bbox 746 2474 851 2551; x_wconf 84' lang='lat' dir='ltr'><strong><em>itaque</em></strong></span> <span class='ocrx_word' id='word_1_215' title='bbox 874 2473 1032 2551; x_wconf 83' lang='lat' dir='ltr'><strong><em>interpres</em></strong></span> <span class='ocrx_word' id='word_1_216' title='bbox 1055 2474 1115 2535; x_wconf 88' lang='lat' dir='ltr'><strong><em>iste</em></strong></span> <span class='ocrx_word' id='word_1_217' title='bbox 1138 2477 1273 2537; x_wconf 85' lang='lat' dir='ltr'><strong><em>autlen-</em></strong></span> 
     </span>
     <span class='ocr_line' id='line_1_27' title="bbox 29 2560 433 2639; baseline -0.002 -17"><span class='ocrx_word' id='word_1_218' title='bbox 29 2565 115 2622; x_wconf 86' lang='lat' dir='ltr'><strong><em>tiens</em></strong></span> <span class='ocrx_word' id='word_1_219' title='bbox 136 2578 264 2639; x_wconf 88' lang='lat' dir='ltr'><strong><em>perepre</em></strong></span> <span class='ocrx_word' id='word_1_220' title='bbox 287 2560 433 2637; x_wconf 75' lang='lat' dir='ltr'><strong><em>deperct3</em></strong></span> 
     </span>
     <span class='ocr_line' id='line_1_28' title="bbox 47 2644 1275 2727; baseline 0.005 -22"><span class='ocrx_word' id='word_1_221' title='bbox 47 2691 50 2695; x_wconf 82' lang='lat'>.</span> <span class='ocrx_word' id='word_1_222' title='bbox 123 2645 159 2720; x_wconf 82' lang='lat' dir='ltr'><strong><em>b)</em></strong></span> <span class='ocrx_word' id='word_1_223' title='bbox 187 2665 282 2726; x_wconf 83' lang='lat' dir='ltr'><strong><em>neque</em></strong></span> <span class='ocrx_word' id='word_1_224' title='bbox 320 2645 538 2707; x_wconf 88' lang='lat' dir='ltr'><strong><em>autonomioac</em></strong></span> <span class='ocrx_word' id='word_1_225' title='bbox 572 2644 755 2723; x_wconf 87' lang='lat' dir='ltr'><strong><em>dipnitatis;</em></strong></span> <span class='ocrx_word' id='word_1_226' title='bbox 792 2645 824 2706; x_wconf 88' lang='lat' dir='ltr'><strong><em>si</em></strong></span> <span class='ocrx_word' id='word_1_227' title='bbox 862 2646 944 2707; x_wconf 89' lang='lat' dir='ltr'><strong><em>enim</em></strong></span> <span class='ocrx_word' id='word_1_228' title='bbox 985 2663 1049 2706; x_wconf 93' lang='lat' dir='ltr'><strong><em>non</em></strong></span> <span class='ocrx_word' id='word_1_229' title='bbox 1087 2654 1136 2708; x_wconf 91' lang='lat' dir='ltr'><strong><em>est</em></strong></span> <span class='ocrx_word' id='word_1_230' title='bbox 1164 2647 1275 2727; x_wconf 73' lang='lat' dir='ltr'><strong><em>facilis</em></strong></span> 
     </span>
     <span class='ocr_line' id='line_1_29' title="bbox 32 2731 1276 2814; baseline 0.004 -21"><span class='ocrx_word' id='word_1_231' title='bbox 32 2732 133 2806; x_wconf 87' lang='lat' dir='ltr'><strong><em>aditu,</em></strong></span> <span class='ocrx_word' id='word_1_232' title='bbox 159 2733 246 2811; x_wconf 87' lang='lat' dir='ltr'><strong><em>lonpe</em></strong></span> <span class='ocrx_word' id='word_1_233' title='bbox 269 2733 408 2793; x_wconf 81' lang='lat' dir='ltr'><strong><em>monimo</em></strong></span> <span class='ocrx_word' id='word_1_234' title='bbox 430 2731 586 2792; x_wconf 87' lang='lat' dir='ltr'><strong><em>bominum</em></strong></span> <span class='ocrx_word' id='word_1_235' title='bbox 607 2750 687 2810; x_wconf 86' lang='lat' dir='ltr'><strong><em>pars</em></strong></span> <span class='ocrx_word' id='word_1_236' title='bbox 709 2731 844 2794; x_wconf 88' lang='lat' dir='ltr'><strong><em>debitum</em></strong></span> <span class='ocrx_word' id='word_1_237' title='bbox 860 2740 889 2792; x_wconf 91' lang='lat' dir='ltr'><strong><em>et</em></strong></span> <span class='ocrx_word' id='word_1_238' title='bbox 902 2740 1042 2811; x_wconf 90' lang='lat' dir='ltr'><strong><em>optatum</em></strong></span> <span class='ocrx_word' id='word_1_239' title='bbox 1055 2731 1276 2814; x_wconf 80' lang='lat' dir='ltr'><strong><em>e.Scriptu&#39;rae</em></strong></span> 
     </span>
     <span class='ocr_line' id='line_1_30' title="bbox 29 2817 1276 2897; baseline 0.002 -16"><span class='ocrx_word' id='word_1_240' title='bbox 29 2837 123 2881; x_wconf 82' lang='lat' dir='ltr'><strong><em>neam</em></strong></span> <span class='ocrx_word' id='word_1_241' title='bbox 143 2817 250 2896; x_wconf 76' lang='lat' dir='ltr'><strong><em>[acere</em></strong></span> <span class='ocrx_word' id='word_1_242' title='bbox 272 2837 337 2879; x_wconf 89' lang='lat' dir='ltr'><strong><em>uon</em></strong></span> <span class='ocrx_word' id='word_1_243' title='bbox 359 2825 477 2897; x_wconf 88' lang='lat' dir='ltr'><strong><em>posset,</em></strong></span> <span class='ocrx_word' id='word_1_244' title='bbox 494 2819 600 2894; x_wconf 75' lang='lat' dir='ltr'><strong><em>celsi</em></strong></span> <span class='ocrx_word' id='word_1_245' title='bbox 620 2817 728 2895; x_wconf 81' lang='lat' dir='ltr'><strong><em>facere</em></strong></span> <span class='ocrx_word' id='word_1_246' title='bbox 751 2827 855 2881; x_wconf 90' lang='lat' dir='ltr'><strong><em>tamen</em></strong></span> <span class='ocrx_word' id='word_1_247' title='bbox 877 2819 976 2894; x_wconf 72' lang='lat' dir='ltr'><strong><em>velut,</em></strong></span> <span class='ocrx_word' id='word_1_248' title='bbox 996 2819 1036 2881; x_wconf 91' lang='lat' dir='ltr'><strong><em>ab</em></strong></span> <span class='ocrx_word' id='word_1_249' title='bbox 1059 2819 1135 2880; x_wconf 87' lang='lat' dir='ltr'><strong><em>aliis</em></strong></span> <span class='ocrx_word' id='word_1_250' title='bbox 1158 2823 1276 2884; x_wconf 86' lang='lat' dir='ltr'><strong><em>caltio-</em></strong></span> 
     </span>
     <span class='ocr_line' id='line_1_31' title="bbox 30 2905 1275 2982; baseline 0.002 -16"><span class='ocrx_word' id='word_1_251' title='bbox 30 2905 120 2967; x_wconf 86' lang='lat' dir='ltr'><strong><em>ribus</em></strong></span> <span class='ocrx_word' id='word_1_252' title='bbox 154 2905 276 2966; x_wconf 89' lang='lat' dir='ltr'><strong><em>discere</em></strong></span> <span class='ocrx_word' id='word_1_253' title='bbox 307 2905 449 2980; x_wconf 80' lang='lat' dir='ltr'><strong><em>deberet,</em></strong></span> <span class='ocrx_word' id='word_1_254' title='bbox 484 2922 636 2982; x_wconf 84' lang='lat' dir='ltr'><strong><em>quaenam</em></strong></span> <span class='ocrx_word' id='word_1_255' title='bbox 659 2907 723 2966; x_wconf 86' lang='lat' dir='ltr'><strong><em>sint</em></strong></span> <span class='ocrx_word' id='word_1_256' title='bbox 750 2906 911 2982; x_wconf 89' lang='lat' dir='ltr'><strong><em>principia</em></strong></span> <span class='ocrx_word' id='word_1_257' title='bbox 944 2907 1025 2981; x_wconf 83' lang='lat' dir='ltr'><strong><em>ista,</em></strong></span> <span class='ocrx_word' id='word_1_258' title='bbox 1050 2913 1080 2965; x_wconf 93' lang='lat' dir='ltr'><strong><em>et</em></strong></span> <span class='ocrx_word' id='word_1_259' title='bbox 1101 2905 1162 2968; x_wconf 88' lang='lat' dir='ltr'><strong><em>bac</em></strong></span> <span class='ocrx_word' id='word_1_260' title='bbox 1184 2911 1218 2971; x_wconf 91' lang='lat' dir='ltr'><strong><em>in</em></strong></span> <span class='ocrx_word' id='word_1_261' title='bbox 1240 2927 1275 2969; x_wconf 90' lang='lat' dir='ltr'><strong><em>re</em></strong></span> 
     </span>
     <span class='ocr_line' id='line_1_32' title="bbox 29 2988 1275 3072; baseline 0.001 -18"><span class='ocrx_word' id='word_1_262' title='bbox 29 2994 136 3072; x_wconf 82' lang='lat' dir='ltr'><strong><em>ntique</em></strong></span> <span class='ocrx_word' id='word_1_263' title='bbox 169 2993 210 3053; x_wconf 91' lang='lat' dir='ltr'><strong><em>ab</em></strong></span> <span class='ocrx_word' id='word_1_264' title='bbox 240 2992 377 3052; x_wconf 86' lang='lat' dir='ltr'><strong><em>aliorum</em></strong></span> <span class='ocrx_word' id='word_1_265' title='bbox 412 2991 598 3052; x_wconf 87' lang='lat' dir='ltr'><strong><em>auctoritate</em></strong></span> <span class='ocrx_word' id='word_1_266' title='bbox 629 2991 796 3068; x_wconf 86' lang='lat' dir='ltr'><strong><em>penderet,</em></strong></span> <span class='ocrx_word' id='word_1_267' title='bbox 828 2992 904 3070; x_wconf 81' lang='lat' dir='ltr'><strong><em>quia</em></strong></span> <span class='ocrx_word' id='word_1_268' title='bbox 935 2988 1026 3051; x_wconf 89' lang='lat' dir='ltr'><strong><em>bomo</em></strong></span> <span class='ocrx_word' id='word_1_269' title='bbox 1058 2991 1196 3054; x_wconf 86' lang='lat' dir='ltr'><strong><em>incultus</em></strong></span> <span class='ocrx_word' id='word_1_270' title='bbox 1218 3003 1275 3056; x_wconf 90' lang='lat' dir='ltr'><strong><em>aut</em></strong></span> 
     </span>
     <span class='ocr_line' id='line_1_33' title="bbox 28 3077 1273 3156; baseline 0 -16"><span class='ocrx_word' id='word_1_271' title='bbox 28 3077 166 3140; x_wconf 88' lang='lat' dir='ltr'><strong><em>debilior</em></strong></span> <span class='ocrx_word' id='word_1_272' title='bbox 187 3079 303 3153; x_wconf 89' lang='lat' dir='ltr'><strong><em>animo,</em></strong></span> <span class='ocrx_word' id='word_1_273' title='bbox 326 3087 356 3139; x_wconf 89' lang='lat' dir='ltr'><strong><em>et</em></strong></span> <span class='ocrx_word' id='word_1_274' title='bbox 378 3078 508 3156; x_wconf 84' lang='lat' dir='ltr'><strong><em>insuper</em></strong></span> <span class='ocrx_word' id='word_1_275' title='bbox 529 3077 616 3137; x_wconf 88' lang='lat' dir='ltr'><strong><em>curis</em></strong></span> <span class='ocrx_word' id='word_1_276' title='bbox 639 3078 833 3156; x_wconf 83' lang='lat' dir='ltr'><strong><em>nepotiisque</em></strong></span> <span class='ocrx_word' id='word_1_277' title='bbox 855 3078 938 3138; x_wconf 82' lang='lat' dir='ltr'><strong><em>ailae</em></strong></span> <span class='ocrx_word' id='word_1_278' title='bbox 965 3077 1167 3156; x_wconf 83' lang='lat' dir='ltr'><strong><em>quotidianae</em></strong></span> <span class='ocrx_word' id='word_1_279' title='bbox 1188 3080 1273 3140; x_wconf 88' lang='lat' dir='ltr'><strong><em>mul-</em></strong></span> 
     </span>
     <span class='ocr_line' id='line_1_34' title="bbox 31 3163 1277 3243; baseline 0.001 -17"><span class='ocrx_word' id='word_1_280' title='bbox 31 3173 95 3227; x_wconf 86' lang='lat' dir='ltr'><strong><em>tum</em></strong></span> <span class='ocrx_word' id='word_1_281' title='bbox 138 3173 312 3242; x_wconf 89' lang='lat' dir='ltr'><strong><em>occupatus</em></strong></span> <span class='ocrx_word' id='word_1_282' title='bbox 332 3165 454 3243; x_wconf 85' lang='lat' dir='ltr'><strong><em>’impar</em></strong></span> <span class='ocrx_word' id='word_1_283' title='bbox 496 3170 545 3225; x_wconf 87' lang='lat' dir='ltr'><strong><em>est</em></strong></span> <span class='ocrx_word' id='word_1_284' title='bbox 582 3165 720 3224; x_wconf 76' lang='lat' dir='ltr'><strong><em>reamini</em></strong></span> <span class='ocrx_word' id='word_1_285' title='bbox 761 3163 972 3239; x_wconf 86' lang='lat' dir='ltr'><strong><em>instituendo,</em></strong></span> <span class='ocrx_word' id='word_1_286' title='bbox 1005 3182 1047 3224; x_wconf 92' lang='lat' dir='ltr'><strong><em>on</em></strong></span> <span class='ocrx_word' id='word_1_287' title='bbox 1081 3170 1194 3227; x_wconf 77' lang='lat' dir='ltr'><strong><em>realta</em></strong></span> <span class='ocrx_word' id='word_1_288' title='bbox 1232 3168 1277 3227; x_wconf 88' lang='lat' dir='ltr'><strong><em>sit</em></strong></span> 
     </span>
     <span class='ocr_line' id='line_1_35' title="bbox 28 3250 1270 3330; baseline 0 -18"><span class='ocrx_word' id='word_1_289' title='bbox 28 3252 206 3330; x_wconf 70' lang='lat' dir='ltr'><strong><em>minaticum</em></strong></span> <span class='ocrx_word' id='word_1_290' title='bbox 227 3252 363 3312; x_wconf 87' lang='lat' dir='ltr'><strong><em>rationis</em></strong></span> <span class='ocrx_word' id='word_1_291' title='bbox 383 3268 485 3330; x_wconf 87' lang='lat' dir='ltr'><strong><em>purae</em></strong></span> <span class='ocrx_word' id='word_1_292' title='bbox 503 3251 705 3328; x_wconf 86' lang='lat' dir='ltr'><strong><em>principium,</em></strong></span> <span class='ocrx_word' id='word_1_293' title='bbox 728 3250 812 3329; x_wconf 81' lang='lat' dir='ltr'><strong><em>quod</em></strong></span> <span class='ocrx_word' id='word_1_294' title='bbox 833 3250 891 3311; x_wconf 90' lang='lat' dir='ltr'><strong><em>boc</em></strong></span> <span class='ocrx_word' id='word_1_295' title='bbox 914 3251 1038 3311; x_wconf 84' lang='lat' dir='ltr'><strong><em>nornine</em></strong></span> <span class='ocrx_word' id='word_1_296' title='bbox 1061 3250 1161 3312; x_wconf 87' lang='lat' dir='ltr'><strong><em>eidem</em></strong></span> <span class='ocrx_word' id='word_1_297' title='bbox 1183 3270 1270 3313; x_wconf 92' lang='lat' dir='ltr'><strong><em>com-</em></strong></span> 
     </span>
     <span class='ocr_line' id='line_1_36' title="bbox 30 3337 317 3410; baseline -0.01 -11"><span class='ocrx_word' id='word_1_298' title='bbox 30 3337 215 3410; x_wconf 82' lang='lat' dir='ltr'><strong><em>mendatur3</em></strong></span> <span class='ocrx_word' id='word_1_299' title='bbox 312 3371 317 3380; x_wconf 92' lang='lat'><strong>·</strong></span> 
     </span>
    </p>

    <p class='ocr_par' dir='ltr' id='par_1_5' title="bbox 26 3421 1276 3932">
     <span class='ocr_line' id='line_1_37' title="bbox 117 3421 1273 3503; baseline 0.003 -19"><span class='ocrx_word' id='word_1_300' title='bbox 117 3426 153 3495; x_wconf 84' lang='lat' dir='ltr'><strong><em>a)</em></strong></span> <span class='ocrx_word' id='word_1_301' title='bbox 180 3441 279 3503; x_wconf 82' lang='lat' dir='ltr'><strong><em>neque</em></strong></span> <span class='ocrx_word' id='word_1_302' title='bbox 319 3421 466 3483; x_wconf 86' lang='lat' dir='ltr'><strong><em>indubiae</em></strong></span> <span class='ocrx_word' id='word_1_303' title='bbox 504 3422 725 3494; x_wconf 87' lang='lat' dir='ltr'><strong><em>auctoritatis;</em></strong></span> <span class='ocrx_word' id='word_1_304' title='bbox 761 3423 826 3500; x_wconf 88' lang='lat' dir='ltr'><strong><em>ipsi</em></strong></span> <span class='ocrx_word' id='word_1_305' title='bbox 863 3440 995 3501; x_wconf 81' lang='lat' dir='ltr'><strong><em>namque</em></strong></span> <span class='ocrx_word' id='word_1_306' title='bbox 1035 3423 1153 3484; x_wconf 89' lang='lat' dir='ltr'><strong><em>eruditi</em></strong></span> <span class='ocrx_word' id='word_1_307' title='bbox 1185 3425 1273 3488; x_wconf 90' lang='lat' dir='ltr'><strong><em>circa</em></strong></span> 
     </span>
     <span class='ocr_line' id='line_1_38' title="bbox 27 3508 1275 3589; baseline 0.001 -18"><span class='ocrx_word' id='word_1_308' title='bbox 27 3511 176 3589; x_wconf 87' lang='lat' dir='ltr'><strong><em>practica</em></strong></span> <span class='ocrx_word' id='word_1_309' title='bbox 198 3510 334 3570; x_wconf 89' lang='lat' dir='ltr'><strong><em>rationis</em></strong></span> <span class='ocrx_word' id='word_1_310' title='bbox 354 3527 456 3587; x_wconf 89' lang='lat' dir='ltr'><strong><em>purae</em></strong></span> <span class='ocrx_word' id='word_1_311' title='bbox 478 3509 636 3586; x_wconf 85' lang='lat' dir='ltr'><strong><em>principia</em></strong></span> <span class='ocrx_word' id='word_1_312' title='bbox 673 3508 910 3569; x_wconf 90' lang='lat' dir='ltr'><strong><em>determinanda</em></strong></span> <span class='ocrx_word' id='word_1_313' title='bbox 932 3510 965 3569; x_wconf 91' lang='lat' dir='ltr'><strong><em>in</em></strong></span> <span class='ocrx_word' id='word_1_314' title='bbox 988 3509 1117 3571; x_wconf 81' lang='lat' dir='ltr'><strong><em>diuersa</em></strong></span> <span class='ocrx_word' id='word_1_315' title='bbox 1139 3510 1275 3586; x_wconf 83' lang='lat' dir='ltr'><strong><em>abeunt,-</em></strong></span> 
     </span>
     <span class='ocr_line' id='line_1_39' title="bbox 29 3594 1276 3676; baseline 0.002 -20"><span class='ocrx_word' id='word_1_316' title='bbox 29 3597 158 3676; x_wconf 76' lang='lat' dir='ltr'><strong><em>paontis</em></strong></span> <span class='ocrx_word' id='word_1_317' title='bbox 191 3599 295 3674; x_wconf 77' lang='lat' dir='ltr'><strong><em>itaque</em></strong></span> <span class='ocrx_word' id='word_1_318' title='bbox 326 3595 431 3656; x_wconf 88' lang='lat' dir='ltr'><strong><em>dubiis</em></strong></span> <span class='ocrx_word' id='word_1_319' title='bbox 465 3594 555 3673; x_wconf 81' lang='lat' dir='ltr'><strong><em>lonpc</em></strong></span> <span class='ocrx_word' id='word_1_320' title='bbox 586 3595 725 3675; x_wconf 80' lang='lat' dir='ltr'><strong><em>marimo</em></strong></span> <span class='ocrx_word' id='word_1_321' title='bbox 759 3594 914 3655; x_wconf 88' lang='lat' dir='ltr'><strong><em>bominum</em></strong></span> <span class='ocrx_word' id='word_1_322' title='bbox 933 3612 1014 3672; x_wconf 88' lang='lat' dir='ltr'><strong><em>pars</em></strong></span> <span class='ocrx_word' id='word_1_323' title='bbox 1037 3601 1222 3675; x_wconf 78' lang='lat' dir='ltr'><strong><em>opitaretur,</em></strong></span> <span class='ocrx_word' id='word_1_324' title='bbox 1245 3601 1276 3663; x_wconf 86' lang='lat' dir='ltr'><strong><em>si</em></strong></span> 
     </span>
     <span class='ocr_line' id='line_1_40' title="bbox 29 3680 1274 3763; baseline 0 -19"><span class='ocrx_word' id='word_1_325' title='bbox 29 3683 203 3762; x_wconf 81' lang='lat' dir='ltr'><strong><em>quaeritur,</em></strong></span> <span class='ocrx_word' id='word_1_326' title='bbox 216 3681 345 3743; x_wconf 88' lang='lat' dir='ltr'><strong><em>ubinam</em></strong></span> <span class='ocrx_word' id='word_1_327' title='bbox 365 3682 524 3759; x_wconf 89' lang='lat' dir='ltr'><strong><em>principia</em></strong></span> <span class='ocrx_word' id='word_1_328' title='bbox 546 3680 605 3740; x_wconf 90' lang='lat' dir='ltr'><strong><em>illa</em></strong></span> <span class='ocrx_word' id='word_1_329' title='bbox 627 3681 838 3751; x_wconf 86' lang='lat' dir='ltr'><strong><em>inueniuntur,</em></strong></span> <span class='ocrx_word' id='word_1_330' title='bbox 852 3699 944 3760; x_wconf 84' lang='lat' dir='ltr'><strong><em>quum</em></strong></span> <span class='ocrx_word' id='word_1_331' title='bbox 968 3683 1160 3745; x_wconf 88' lang='lat' dir='ltr'><strong><em>eruditorum</em></strong></span> <span class='ocrx_word' id='word_1_332' title='bbox 1183 3687 1274 3763; x_wconf 85' lang='lat' dir='ltr'><strong><em>quis-</em></strong></span> 
     </span>
     <span class='ocr_line' id='line_1_41' title="bbox 28 3765 1273 3849; baseline 0.002 -20"><span class='ocrx_word' id='word_1_333' title='bbox 28 3781 89 3849; x_wconf 80' lang='lat' dir='ltr'><strong><em>p&#39;ne</em></strong></span> <span class='ocrx_word' id='word_1_334' title='bbox 113 3773 382 3846; x_wconf 81' lang='lat' dir='ltr'><strong><em>arpnmentationc</em></strong></span> <span class='ocrx_word' id='word_1_335' title='bbox 405 3768 532 3828; x_wconf 87' lang='lat' dir='ltr'><strong><em>nonnisi</em></strong></span> <span class='ocrx_word' id='word_1_336' title='bbox 554 3765 725 3842; x_wconf 89' lang='lat' dir='ltr'><strong><em>subtiliori,</em></strong></span> <span class='ocrx_word' id='word_1_337' title='bbox 743 3767 860 3828; x_wconf 89' lang='lat' dir='ltr'><strong><em>inculto</em></strong></span> <span class='ocrx_word' id='word_1_338' title='bbox 883 3769 1006 3828; x_wconf 86' lang='lat' dir='ltr'><strong><em>minime</em></strong></span> <span class='ocrx_word' id='word_1_339' title='bbox 1029 3771 1130 3846; x_wconf 86' lang='lat' dir='ltr'><strong><em>clard,</em></strong></span> <span class='ocrx_word' id='word_1_340' title='bbox 1143 3789 1273 3832; x_wconf 87' lang='lat' dir='ltr'><strong><em>causam</em></strong></span> 
     </span>
     <span class='ocr_line' id='line_1_42' title="bbox 26 3851 755 3932; baseline -0.001 -17"><span class='ocrx_word' id='word_1_341' title='bbox 26 3872 121 3915; x_wconf 85' lang='lat' dir='ltr'><strong><em>sunm</em></strong></span> <span class='ocrx_word' id='word_1_342' title='bbox 144 3862 175 3914; x_wconf 88' lang='lat' dir='ltr'><strong><em>et</em></strong></span> <span class='ocrx_word' id='word_1_343' title='bbox 198 3856 375 3932; x_wconf 83' lang='lat' dir='ltr'><strong><em>opinionem</em></strong></span> <span class='ocrx_word' id='word_1_344' title='bbox 396 3853 592 3932; x_wconf 86' lang='lat' dir='ltr'><strong><em>propapnet!</em></strong></span> <span class='ocrx_word' id='word_1_345' title='bbox 616 3851 755 3932; x_wconf 83' lang='lat' dir='ltr'><strong><em>Denique</em></strong></span> 
     </span>
    </p>

    <p class='ocr_par' dir='ltr' id='par_1_6' title="bbox 23 3939 1275 4196">
     <span class='ocr_line' id='line_1_43' title="bbox 117 3939 1275 4019; baseline 0.003 -19"><span class='ocrx_word' id='word_1_346' title='bbox 117 3940 156 4014; x_wconf 86' lang='lat' dir='ltr'><strong><em>d)</em></strong></span> <span class='ocrx_word' id='word_1_347' title='bbox 187 3959 252 4001; x_wconf 92' lang='lat' dir='ltr'><strong><em>non</em></strong></span> <span class='ocrx_word' id='word_1_348' title='bbox 274 3959 295 4001; x_wconf 92' lang='lat' dir='ltr'><strong><em>a</em></strong></span> <span class='ocrx_word' id='word_1_349' title='bbox 316 3939 383 4001; x_wconf 90' lang='lat' dir='ltr'><strong><em>Deo</em></strong></span> <span class='ocrx_word' id='word_1_350' title='bbox 405 3942 475 4018; x_wconf 87' lang='lat' dir='ltr'><strong><em>ipsa</em></strong></span> <span class='ocrx_word' id='word_1_351' title='bbox 510 3941 694 4010; x_wconf 85' lang='lat' dir='ltr'><strong><em>institutus;</em></strong></span> <span class='ocrx_word' id='word_1_352' title='bbox 729 3948 805 4000; x_wconf 87' lang='lat' dir='ltr'><strong><em>teste</em></strong></span> <span class='ocrx_word' id='word_1_353' title='bbox 836 3941 917 4000; x_wconf 89' lang='lat' dir='ltr'><strong><em>enim</em></strong></span> <span class='ocrx_word' id='word_1_354' title='bbox 947 3941 1020 4019; x_wconf 84' lang='lat' dir='ltr'><strong><em>ipsa</em></strong></span> <span class='ocrx_word' id='word_1_355' title='bbox 1052 3962 1077 4002; x_wconf 93' lang='lat' dir='ltr'><strong><em>s.</em></strong></span> <span class='ocrx_word' id='word_1_356' title='bbox 1110 3941 1275 4019; x_wconf 87' lang='lat' dir='ltr'><strong><em>Scriptura</em></strong></span> 
     </span>
     <span class='ocr_line' id='line_1_44' title="bbox 24 4025 1275 4104; baseline 0.002 -13"><span class='ocrx_word' id='word_1_357' title='bbox 24 4027 183 4091; x_wconf 86' lang='lat' dir='ltr'><strong><em>ecclcsiae</em></strong></span> <span class='ocrx_word' id='word_1_358' title='bbox 213 4045 291 4088; x_wconf 89' lang='lat' dir='ltr'><strong><em>snae</em></strong></span> <span class='ocrx_word' id='word_1_359' title='bbox 321 4026 466 4088; x_wconf 70' lang='lat' dir='ltr'><strong><em>cbristus</em></strong></span> <span class='ocrx_word' id='word_1_360' title='bbox 495 4025 670 4086; x_wconf 89' lang='lat' dir='ltr'><strong><em>doctrinam</em></strong></span> <span class='ocrx_word' id='word_1_361' title='bbox 699 4043 789 4087; x_wconf 89' lang='lat' dir='ltr'><strong><em>sunm</em></strong></span> <span class='ocrx_word' id='word_1_362' title='bbox 822 4027 954 4088; x_wconf 89' lang='lat' dir='ltr'><strong><em>tradidit</em></strong></span> <span class='ocrx_word' id='word_1_363' title='bbox 975 4027 1220 4104; x_wconf 89' lang='lat' dir='ltr'><strong><em>custodiendam,</em></strong></span> <span class='ocrx_word' id='word_1_364' title='bbox 1244 4038 1275 4093; x_wconf 85' lang='lat' dir='ltr'><strong><em>el</em></strong></span> 
     </span>
     <span class='ocr_line' id='line_1_45' title="bbox 23 4110 1272 4196; baseline 0.001 -21"><span class='ocrx_word' id='word_1_365' title='bbox 23 4113 161 4196; x_wconf 84' lang='lat' dir='ltr'><strong><em>proinde</em></strong></span> <span class='ocrx_word' id='word_1_366' title='bbox 193 4115 286 4175; x_wconf 91' lang='lat' dir='ltr'><strong><em>etiam</em></strong></span> <span class='ocrx_word' id='word_1_367' title='bbox 308 4132 352 4174; x_wconf 89' lang='lat' dir='ltr'><strong><em>ss.</em></strong></span> <span class='ocrx_word' id='word_1_368' title='bbox 375 4113 540 4174; x_wconf 87' lang='lat' dir='ltr'><strong><em>literarum</em></strong></span> <span class='ocrx_word' id='word_1_369' title='bbox 571 4110 747 4173; x_wconf 76' lang='lat' dir='ltr'><strong><em>authentice</em></strong></span> <span class='ocrx_word' id='word_1_370' title='bbox 778 4113 1085 4194; x_wconf 86' lang='lat' dir='ltr'><strong><em>interpretandarum</em></strong></span> <span class='ocrx_word' id='word_1_371' title='bbox 1117 4119 1272 4194; x_wconf 77' lang='lat' dir='ltr'><strong><em>nepotiani</em></strong></span> 
     </span>
    </p>
   </div>
   <div class='ocr_carea' id='block_1_3' title="bbox 38 4334 1277 4619">
    <p class='ocr_par' dir='ltr' id='par_1_7' title="bbox 69 4334 1275 4410">
     <span class='ocr_line' id='line_1_46' title="bbox 69 4334 1275 4410; baseline 0.006 -19"><span class='ocrx_word' id='word_1_372' title='bbox 69 4334 101 4409; x_wconf 70' lang='grc' dir='ltr'><strong><em>ι“)</em></strong></span> <span class='ocrx_word' id='word_1_373' title='bbox 123 4340 179 4407; x_wconf 84' lang='lat' dir='ltr'><strong><em>„On</em></strong></span> <span class='ocrx_word' id='word_1_374' title='bbox 197 4350 260 4409; x_wconf 85' lang='lat' dir='ltr'><strong><em>peut</em></strong></span> <span class='ocrx_word' id='word_1_375' title='bbox 279 4341 332 4394; x_wconf 83' lang='lat' dir='ltr'><strong><em>dire</em></strong></span> <span class='ocrx_word' id='word_1_376' title='bbox 353 4354 403 4410; x_wconf 82' lang='lat' dir='ltr'><strong><em>quo</em></strong></span> <span class='ocrx_word' id='word_1_377' title='bbox 422 4341 447 4393; x_wconf 83' lang='lat' dir='ltr'><strong><em>la</em></strong></span> <span class='ocrx_word' id='word_1_378' title='bbox 465 4340 574 4408; x_wconf 81' lang='lat' dir='ltr'><strong><em>religion</em></strong></span> <span class='ocrx_word' id='word_1_379' title='bbox 593 4340 701 4393; x_wconf 81' lang='lat' dir='ltr'><strong><em>n’euroit</em></strong></span> <span class='ocrx_word' id='word_1_380' title='bbox 718 4357 765 4409; x_wconf 84' lang='lat' dir='ltr'><strong><em>pos</em></strong></span> <span class='ocrx_word' id='word_1_381' title='bbox 783 4341 810 4393; x_wconf 82' lang='lat' dir='ltr'><strong><em>le</em></strong></span> <span class='ocrx_word' id='word_1_382' title='bbox 829 4342 979 4394; x_wconf 73' lang='lat' dir='ltr'><strong><em>charactere</em></strong></span> <span class='ocrx_word' id='word_1_383' title='bbox 998 4342 1030 4394; x_wconf 87' lang='lat' dir='ltr'><strong><em>de</em></strong></span> <span class='ocrx_word' id='word_1_384' title='bbox 1043 4342 1132 4396; x_wconf 84' lang='lat' dir='ltr'><strong><em>l’infini</em></strong></span> <span class='ocrx_word' id='word_1_385' title='bbox 1146 4343 1206 4395; x_wconf 81' lang='lat' dir='ltr'><strong><em>d&#39;ob</em></strong></span> <span class='ocrx_word' id='word_1_386' title='bbox 1223 4345 1275 4398; x_wconf 85' lang='lat' dir='ltr'><strong><em>elle</em></strong></span> 
     </span>
    </p>

    <p class='ocr_par' dir='ltr' id='par_1_8' title="bbox 119 4410 1275 4480">
     <span class='ocr_line' id='line_1_47' title="bbox 119 4410 1275 4480; baseline 0.006 -20"><span class='ocrx_word' id='word_1_387' title='bbox 119 4412 198 4475; x_wconf 76' lang='lat' dir='ltr'><strong><em>vient,</em></strong></span> <span class='ocrx_word' id='word_1_388' title='bbox 218 4411 239 4462; x_wconf 83' lang='lat' dir='ltr'><strong><em>si</em></strong></span> <span class='ocrx_word' id='word_1_389' title='bbox 258 4411 309 4462; x_wconf 85' lang='lat' dir='ltr'><strong><em>ello</em></strong></span> <span class='ocrx_word' id='word_1_390' title='bbox 327 4427 361 4462; x_wconf 86' lang='lat' dir='ltr'><strong><em>ne</em></strong></span> <span class='ocrx_word' id='word_1_391' title='bbox 380 4410 531 4463; x_wconf 80' lang='lat' dir='ltr'><strong><em>surmontait</em></strong></span> <span class='ocrx_word' id='word_1_392' title='bbox 549 4426 596 4477; x_wconf 83' lang='lat' dir='ltr'><strong><em>pas</em></strong></span> <span class='ocrx_word' id='word_1_393' title='bbox 614 4419 689 4462; x_wconf 84' lang='lat' dir='ltr'><strong><em>notre</em></strong></span> <span class='ocrx_word' id='word_1_394' title='bbox 704 4419 795 4463; x_wconf 82' lang='lat' dir='ltr'><strong><em>coarto</em></strong></span> <span class='ocrx_word' id='word_1_395' title='bbox 811 4419 837 4462; x_wconf 86' lang='lat' dir='ltr'><strong><em>et</em></strong></span> <span class='ocrx_word' id='word_1_396' title='bbox 848 4410 927 4462; x_wconf 84' lang='lat' dir='ltr'><strong><em>fnible</em></strong></span> <span class='ocrx_word' id='word_1_397' title='bbox 945 4411 1138 4480; x_wconf 81' lang='lat' dir='ltr'><strong><em>intelligence.“</em></strong></span> <span class='ocrx_word' id='word_1_398' title='bbox 1158 4412 1275 4467; x_wconf 80' lang='lat' dir='ltr'><strong><em>anelon</em></strong></span> 
     </span>
    </p>

    <p class='ocr_par' dir='ltr' id='par_1_9' title="bbox 38 4479 1277 4619">
     <span class='ocr_line' id='line_1_48' title="bbox 60 4479 1277 4550; baseline 0.004 -19"><span class='ocrx_word' id='word_1_399' title='bbox 60 4498 63 4503; x_wconf 93' lang='lat'>·</span> <span class='ocrx_word' id='word_1_400' title='bbox 117 4489 180 4532; x_wconf 74' lang='lat' dir='ltr'><strong><em>tau.</em></strong></span> <span class='ocrx_word' id='word_1_401' title='bbox 199 4479 216 4530; x_wconf 91' lang='lat' dir='ltr'><strong><em>l.</em></strong></span> <span class='ocrx_word' id='word_1_402' title='bbox 236 4494 304 4548; x_wconf 76' lang='lat' dir='ltr'><strong><em>paga</em></strong></span> <span class='ocrx_word' id='word_1_403' title='bbox 325 4480 383 4534; x_wconf 76' lang='lat'><strong><em>168.</em></strong></span> <span class='ocrx_word' id='word_1_404' title='bbox 401 4483 428 4532; x_wconf 86' lang='lat' dir='ltr'><strong><em>in</em></strong></span> <span class='ocrx_word' id='word_1_405' title='bbox 452 4496 514 4550; x_wconf 87' lang='lat' dir='ltr'><strong><em>opp.</em></strong></span> <span class='ocrx_word' id='word_1_406' title='bbox 537 4480 594 4546; x_wconf 80' lang='lat' dir='ltr'><strong><em>ejus</em></strong></span> <span class='ocrx_word' id='word_1_407' title='bbox 620 4480 733 4532; x_wconf 82' lang='lat' dir='ltr'><strong><em>editione</em></strong></span> <span class='ocrx_word' id='word_1_408' title='bbox 752 4481 842 4545; x_wconf 79' lang='lat' dir='ltr'><strong><em>majori</em></strong></span> <span class='ocrx_word' id='word_1_409' title='bbox 860 4479 963 4532; x_wconf 81' lang='lat' dir='ltr'><strong><em>Parisiis</em></strong></span> <span class='ocrx_word' id='word_1_410' title='bbox 983 4482 1051 4549; x_wconf 86' lang='lat' dir='ltr'><strong><em>apud</em></strong></span> <span class='ocrx_word' id='word_1_411' title='bbox 1076 4480 1179 4535; x_wconf 79' lang='lat' dir='ltr'><strong><em>Firmia</em></strong></span> <span class='ocrx_word' id='word_1_412' title='bbox 1197 4482 1277 4537; x_wconf 76' lang='lat' dir='ltr'><strong><em>otta</em></strong></span> 
     </span>
     <span class='ocr_line' id='line_1_49' title="bbox 38 4547 985 4619; baseline 0 -18"><span class='ocrx_word' id='word_1_413' title='bbox 38 4578 41 4583; x_wconf 91' lang='lat'>·</span> <span class='ocrx_word' id='word_1_414' title='bbox 111 4547 285 4611; x_wconf 62' lang='lat' dir='ltr'><strong><em>bsecutst.</em></strong></span> <span class='ocrx_word' id='word_1_415' title='bbox 304 4566 328 4603; x_wconf 86' lang='lat' dir='ltr'><strong><em>r.</em></strong></span> <span class='ocrx_word' id='word_1_416' title='bbox 346 4549 441 4614; x_wconf 52' lang='lat' dir='ltr'><strong><em>Drayffe</em></strong></span> <span class='ocrx_word' id='word_1_417' title='bbox 456 4549 617 4617; x_wconf 55' lang='lat' dir='ltr'><strong><em>motarent</em></strong></span> <span class='ocrx_word' id='word_1_418' title='bbox 637 4560 699 4601; x_wconf 80' lang='lat' dir='ltr'><strong><em>tam.</em></strong></span> <span class='ocrx_word' id='word_1_419' title='bbox 718 4550 735 4601; x_wconf 90' lang='lat' dir='ltr'><strong><em>l.</em></strong></span> <span class='ocrx_word' id='word_1_420' title='bbox 754 4564 813 4616; x_wconf 68' lang='lat' dir='ltr'><strong><em>pap.</em></strong></span> <span class='ocrx_word' id='word_1_421' title='bbox 831 4550 891 4601; x_wconf 77' lang='grc'><strong><em>296,</em></strong></span> <span class='ocrx_word' id='word_1_422' title='bbox 909 4566 985 4619; x_wconf 75' lang='lat' dir='ltr'><strong><em>seqq.</em></strong></span> 
     </span>
    </p>
   </div>
   <div class='ocr_carea' id='block_1_4' title="bbox 0 0 1422 4896">
    <p class='ocr_par' dir='ltr' id='par_1_10' title="bbox 0 0 1422 4896">
     <span class='ocr_line' id='line_1_50' title="bbox 0 0 1422 4896; baseline 0 0"><span class='ocrx_word' id='word_1_423' title='bbox 0 0 1422 4896; x_wconf 95' lang='lat' dir='ltr'><strong><em> </em></strong></span> 
     </span>
    </p>
   </div>
  </div>
 </body>
</html>
