2834 4896
1276 230 1338 295 l'lb

88 413 272 474 excitentur
309 411 460 488 firmaque
490 408 656 486 proposita
689 407 879 476 elicientem
910 405 993 465 unde
1025 407 1186 466 enascitur
1223 423 1337 466 sensus

88 500 253 577 expositio
276 496 329 557 vel
349 497 448 556 solnm
473 494 654 567 theoretica,
677 494 730 553 vel
750 493 846 552 simul
864 494 1018 569 practica.

180 584 212 644 ί).
236 583 369 656 Ratione
392 581 581 642 conditionis
604 595 822 658 personarum,
834 578 867 637 in
884 594 1017 655 quarum
1031 577 1166 654 pratioru
1184 594 1210 635 s.
1222 575 1335 653 Scrip-

88 679 166 731 tura
189 671 364 747 exponitur,
388 672 489 727 oritur
521 665 738 742 interpretatio
769 663 938 742 popularis
960 671 991 723 et
1012 662 1145 739 erudito,
1180 670 1336 738 quatenus

87 774 208 816 seusus
241 754 489 833 repraesentatio
526 752 654 811 cultiori
686 751 739 811 vel
770 749 894 809 rudiori
928 748 1078 810 lactamur
1120 747 1336 807 audito-rumve

88 843 229 919 inpcnio,
251 840 368 917 majori
389 839 440 898 vel
462 838 576 896 minori
600 855 706 896 eorum
729 837 843 914 captui,
876 834 1044 895 altioribus
1067 832 1118 895 vel
1139 832 1335 893 tenuioribus

88 926 274 1003 indipeutiis
290 942 329 986 uo
350 924 518 985 desideriis
540 931 773 1000 attemperatnr,
785 938 823 980 ne
842 929 970 998 praeter
991 923 1208 980 necessitatem
1229 918 1335 979 multis

89 1012 308 1090 replicentur,
341 1027 421 1090 quae
454 1008 595 1087 alioquin
611 1009 681 1085 jam
715 1009 839 1086 capuita
872 1014 964 1084 sunt‚·
997 1015 1053 1069 aut
1077 1022 1165 1084 auae
1200 1007 1334 1066 lectores

90 1099 197 1174 latent,
218 1114 383 1175 perperam
405 1096 610 1166 omittentem
632 1100 688 1155 aui
709 1111 788 1173 qeeae
811 1110 923 1170 capere
943 1093 1038 1171 plane
1071 1099 1235 1168 nequeant,
1259 1091 1327 1150 eis-

89 1201 146 1263 que
177 1182 299 1243 nullius
324 1182 429 1260 frupis
450 1188 532 1256 sunt,
562 1183 596 1241 in
629 1181 762 1240 medinm
796 1179 1008 1257 proferantur,
1030 1188 1061 1240 et
1081 1180 1149 1237 vice
1171 1193 1275 1250 versa,
1298 1183 1329 1236 et

90 1271 136 1329 sic
160 1271 262 1330 animi
280 1269 314 1328 in
333 1269 438 1347 priori
470 1284 548 1328 casu
581 1266 755 1326 obruantur
779 1269 903 1344 potius,
934 1282 1027 1344 qaam
1060 1265 1256 1324 illustrentur
1278 1261 1330 1321 vel

88 1356 302 1432 aedificentur,
324 1356 359 1414 in
381 1355 481 1415 altero
512 1361 613 1413 autem
640 1353 765 1430 frustra
795 1357 975 1431 quaeruut,
1001 1352 1116 1430 quibus
1137 1349 1276 1428 iudipent
1298 1354 1328 1407 et

88 1458 168 1521 quae
192 1441 276 1501 scire
299 1439 489 1501 desiderant.

173 1525 204 1586 3.
229 1524 338 1586 llelote
360 1525 403 1586 ad
422 1524 557 1602 [ormam
580 1523 674 1584 datur
695 1525 851 1602 expositio
873 1523 1008 1603 simplem
1029 1529 1060 1583 et
1080 1520 1217 1594 uberior,
1231 1524 1331 1597 prout·

88 1620 143 1673 aut
162 1611 236 1672 sola
260 1612 366 1689 linqua
388 1609 556 1689 oripinalis
579 1628 649 1670 cum
671 1608 844 1670 verniacula
857 1610 909 1671 vel
928 1609 997 1669 alia
1018 1609 1144 1687 capuita
1162 1613 1327 1685 permoto-

86 1706 147 1774 tur,
170 1698 313 1758 autolio
335 1697 427 1757 modo
449 1708 562 1756 sensus
582 1697 705 1756 clarior
725 1695 876 1770 redditor,
901 1702 932 1756 et
951 1703 1047 1773 prout
1068 1695 1169 1755 altero
1192 1694 1225 1752 in
1248 1709 1327 1752 casu

84 1783 135 1846 vel
155 1783 300 1845 aratione
321 1784 469 1843 coninua
484 1788 604 1842 retenta
626 1782 837 1861 dictorumque
852 1783 934 1842 serie
952 1787 1080 1842 servata
1097 1786 1210 1839 auctor
1231 1795 1326 1837 sacer

84 1870 151 1949 ipse
176 1869 307 1949 loquens
327 1870 463 1944 sistitur,
480 1875 537 1929 aut
552 1876 642 1928 entra
665 1869 818 1928 orationis
841 1869 954 1928 seriem
976 1874 1068 1927 notae
1088 1869 1156 1926 sive
1179 1864 1327 1925 illustra-

83 1956 199 2016 tionem
220 1955 323 2015 solam
341 1963 573 2034 promoventes,
595 1956 664 2014 sive
686 1971 800 2014 sensus
833 1954 989 2032 propositi
1009 1955 1165 2013 rationem
1186 1950 1326 2012 redden-

83 2049 129 2101 tes
151 2040 352 2102 adhibentur.
397 2040 477 2101 Hinc
499 2058 556 2100 cea
591 2040 736 2101 diversae
770 2058 883 2101 sensus
918 2031 1095 2117 erponendi
1117 2038 1241 2116 species
1263 2055 1329 2103 no·,

83 2128 240 2187 stramine
266 2126 359 2204 finem
389 2127 639 2186 considerandae
673 2134 762 2187 sunt:
794 2127 909 2201 versio,
938 2125 1160 2204 paraphrasis,
1193 2124 1325 2199 scnotin,

84 2214 304 2274 commentarii
326 2224 356 2273 et
378 2213 593 2290 interpretatio
613 2212 781 2291 popularis
804 2246 844 2257 -
864 2214 1010 2291 practica
1026 2210 1075 2284 *).

654 2404 685 2473 ς.
705 2398 756 2462 98.

574 2534 592 2585 1.
619 2534 711 2585 Varsio
729 2534 832 2587 biblica.

166 2675 292 2752 Quodsi
313 2678 414 2739 oratio
437 2678 673 2758 interpretanda
694 2679 842 2741 idiomate
869 2680 1036 2759 pereprino
1056 2676 1185 2759 prolata
1208 2683 1322 2752 ecstat,

81 2762 261 2825 adsensus
294 2764 502 2843 sepultionem
535 2764 729 2843 efficiendam
759 2774 831 2827 ante
855 2768 960 2827 ornnio
981 2768 1015 2827 in
1037 2764 1249 2838 vernaculam,
1271 2761 1325 2824 vel

80 2850 111 2910 in
131 2868 247 2929 penere
270 2849 304 2911 in
318 2868 387 2911 earn
410 2851 546 2929 linquam
570 2849 793 2929 transferatur,
806 2870 934 2913 necesse
957 2861 1013 2928 est,
1025 2870 1105 2932 quae
1123 2849 1163 2914 ab
1177 2850 1321 2911 audiente

79 2936 128 2997 vel
159 2936 279 3015 lepeute
310 2934 514 3015 intellipitar,
546 2955 602 2999 sen
625 2940 729 2999 versio
766 2938 955 3015 adornetur,
981 2956 1058 3016 quae
1082 2947 1130 2999 est
1152 2936 1321 2998 translatio

79 3020 235 3083 dictorum
257 3039 274 3081 e
299 3022 407 3100 linpuo
435 3026 606 3101 pereprina
634 3024 667 3083 in
696 3025 897 3085 vernaculam
932 3032 988 3086 aut
1020 3024 1115 3085 aliam
1152 3020 1322 3082 lectoribus

78 3106 129 3168 vel
149 3107 353 3168 auditoribus
375 3109 542 3187 capuitam.
587 3108 637 3170 Es
658 3108 718 3170 bac
741 3108 917 3187 definitione
933 3111 1003 3187 jam
1032 3112 1149 3189 patefit.
1176 3126 1254 3187 qnae
1277 3108 1322 3169 sit

77 3208 227 3271 suprema
258 3195 417 3254 versionis
451 3194 631 3256 condendae
663 3195 734 3266 lens
766 3197 880 3274 quodsi
910 3197 990 3257 enim
1023 3196 1180 3257 versionis
1203 3200 1320 3254 natura

76 3296 141 3339 non
164 3279 330 3355 consistit,
361 3280 426 3340 nisi
457 3280 491 3342 in
512 3281 720 3343 translatione
753 3283 908 3344 orationis
930 3302 946 3344 e
970 3283 1077 3363 linpua
1096 3282 1264 3361 pereprina
1286 3282 1320 3341 in

77 3364 176 3425 aliam
199 3365 376 3443 sopatrum:

164 3450 192 3510 1.
212 3459 342 3528 praeter
374 3450 511 3529 linquam
540 3454 664 3514 versori
685 3452 765 3514 nibil
794 3462 933 3531 mutare,
956 3454 1075 3515 nnllam
1096 3453 1319 3532 proprietatem

75 3535 142 3596 sive
168 3538 385 3614 dopmaticam‚
409 3539 475 3598 sive
500 3538 642 3616 lopioam,
666 3540 736 3600 sive
758 3540 958 3602 aestbeticam
980 3541 1096 3600 addere
1119 3547 1175 3600 aut
1196 3539 1319 3600 demere

77 3620 167 3691 licrt;
189 3640 262 3682 narn
285 3623 458 3684 translator
480 3632 574 3686 totam
597 3627 691 3703 quasi
713 3628 853 3686 auctoris
874 3645 1042 3705 personam
1055 3628 1093 3686 iu
1116 3644 1150 3686 se
1172 3626 1316 3704 suscipit,

76 3715 104 3768 et
124 3707 223 3784 liujus
258 3707 327 3768 loco
350 3726 388 3768 ea
411 3709 520 3788 liupuo
550 3714 667 3780 utitur,
697 3713 730 3771 in
752 3729 815 3791 qua
847 3716 952 3774 versio
986 3713 1207 3782 desideratar;
1235 3712 1316 3772 banc

73 3810 148 3853 nero
182 3795 325 3854 auctoris
356 3812 525 3872 personam
558 3805 700 3870 caueret,
732 3798 763 3857 si
791 3807 920 3876 praetcr
954 3799 1078 3877 linpace
1115 3799 1316 3860 mutationem

73 3896 287 3958 quamcunque
321 3880 418 3940 oliam
448 3883 481 3941 in
511 3883 666 3945 orationis
694 3901 758 3945 non
789 3892 910 3945 tantam
942 3887 1093 3962 materia,
1125 3885 1182 3947 sed
1209 3883 1261 3945 vel
1281 3885 1315 3943 in

69 3960 177 4041 forma
206 3964 366 4043 suscipere
399 3966 462 4028 sibi
493 3968 688 4046 indulperet5
723 3969 769 4045 si,
801 3987 879 4048 quae
909 3972 977 4032 sive
1010 3971 1224 4051 antiquitatis,
1246 3971 1313 4030 sive

68 4052 198 4127 patriae
231 4051 419 4129 scriptoris,
453 4053 520 4112 sive
553 4062 657 4117 sertim
680 4055 822 4116 culturae
845 4061 902 4118 ont
921 4058 1082 4136 copitondi
1102 4054 1314 4135 sentiendique

70 4136 208 4197 rationis
238 4136 332 4199 notas
368 4136 646 4211 oboracteristioas
678 4141 853 4221 impressas
879 4142 1039 4222 referunt,
1069 4141 1165 4221 plane
1197 4139 1315 4204 deleret

71 4229 128 4283 out
148 4222 196 4283 ita
217 4220 409 4299 obfrrscoret,
430 4232 466 4285 ut
485 4243 550 4287 non
571 4225 710 4304 amplius
738 4231 913 4291 orationem
945 4226 1112 4306 scriptoris
1134 4227 1232 4303 sacri,
1257 4229 1315 4290 sed

69 4307 214 4370 madenti
233 4307 400 4387 cuiusdam
421 4312 564 4373 auctoris
587 4311 689 4392 lepore
710 4314 763 4377 vel
783 4315 893 4377 audire
914 4313 1007 4375 nobis
1028 4313 1218 4374 videremur.

100 4535 130 4603 Ι)
152 4534 282 4589 ΗοιιιΙΙίιο
298 4543 327 4588 ct
342 4535 449 4591 hatarii
466 4506 563 4593 biblica
580 4540 713 4613 populeris
732 4540 764 4593 ab
783 4540 847 4594 alins
866 4539 1015 4609 disciplinas
1033 4542 1173 4609 pectinem.
