2834 4896
1264 182 1328 247 225

85 368 144 412 aaa
175 349 353 429 propcpari
381 367 447 411 non
474 352 645 429 potuisset,
676 367 792 429 eosque
822 358 1011 429 praetensae
1032 349 1105 413 haic
1138 354 1326 417 necessitati

83 454 219 516 maara
241 454 355 498 revera
377 439 524 512 cessisse,
546 454 713 514 perperam
736 437 902 513 asseritur,
922 447 1020 516 pront
1042 439 1132 503 docet
1154 449 1219 503 tam
1237 442 1324 519 finis,

83 523 118 585 ob
141 542 236 602 qoem
257 521 401 584 Christus
434 525 466 583 in
496 524 643 585 reundum
677 529 817 597 veneral,
840 531 869 584 et
891 524 934 584 ad
966 542 1055 603 quem
1077 524 1222 604 Apostoli
1254 528 1326 604 ejus

81 610 232 671 destinati
259 617 367 685 erant,
399 617 463 670 trem
496 609 659 671 doctrinae
689 628 797 671 sorum
829 610 952 671 indoles
985 619 1014 671 et
1037 611 1168 673 docendi
1202 614 1324 689 triados,

82 707 146 761 tam
169 695 338 757 character
351 714 459 757 eorum
480 697 622 772 moralis,
635 706 698 758 turn
714 696 845 775 deuiam
867 696 1005 757 aduersa
1028 699 1169 775 ipsoram
1188 698 1266 776 lata.
1290 697 1327 762 st

170 782 321 859 aj‘finem
341 783 591 856 contenderemus,
625 788 661 854 α)
684 782 829 845 Christos
851 783 919 860 ipsc
953 790 1095 858 testatur,
1119 805 1153 847 se
1177 787 1210 847 in
1231 804 1326 847 mun·

83 871 157 931 dam
189 870 336 945 nemisse,
357 877 391 930 nt
412 871 540 931 cirritati
563 871 774 931 testimoninm
799 868 980 947 perhiberet
1008 869 1133 943 (loann.
1172 871 1218 949 18,
1241 870 1326 947 37.);

81 974 115 1017 se
138 955 220 1017 dicit
239 956 335 1031 emm,
356 957 517 1017 ceritatem
539 965 573 1017 at
595 957 691 1018 eitam
714 956 837 1024 (loann.
864 953 915 1032 14,
939 955 1004 1029 6.);
1036 975 1157 1019 ornnem
1187 964 1328 1037 plantam

82 1041 315 1105 eradicandam.
341 1059 412 1103 esse
439 1044 644 1122 pronuntiat,
675 1061 769 1122 pocta
791 1041 887 1103 Pater
918 1043 1065 1103 coelestis
1087 1062 1150 1104 non
1171 1045 1329 1123 plantavit

83 1126 228 1211 (litto,
247 1124 325 1203 lit),
348 1136 440 1207 atque
462 1128 506 1189 ad
527 1128 609 1189 ltinrnc
630 1128 723 1205 finem
746 1129 872 1189 tendere
894 1147 1052 1208 nonquam
1075 1132 1219 1206 cessarit,
1235 1131 1328 1191 ideo-

82 1232 141 1294 que
165 1212 385 1288 (callicana.
409 1213 439 1289 6,
462 1213 532 1288 68.)
554 1217 660 1293 potius
691 1217 898 1293 permisisset,
931 1224 967 1277 at
987 1214 1039 1276 ael
1058 1214 1205 1294 Apostoli
1225 1216 1266 1279 ab
1290 1234 1327 1277 eo

84 1299 305 1374 discederent,
339 1319 432 1379 quam
462 1309 497 1361 at
519 1302 693 1362 doctrirmm
723 1302 763 1362 de
784 1320 882 1363 carne
904 1320 965 1363 sna
996 1303 1217 1363 manducanda
1238 1302 1328 1365 etde

83 1388 240 1465 imprime
273 1385 408 1449 bibendo
439 1389 623 1465 mitipasset.
683 1386 735 1449 Ad
771 1387 902 1449 enndmn
931 1389 1025 1466 finem
1058 1389 1205 1451 destinati
1238 1396 1331 1450 erant

85 1475 179 1535 etiam
211 1474 249 1551 β)
272 1471 427 1552 Apostoli,
460 1475 606 1535 nimirum
626 1481 662 1535 nt
682 1475 785 1553 pulsis
819 1483 882 1535 tnm
898 1475 1113 1552 judaicorum,
1136 1485 1200 1537 tum
1222 1474 1328 1537 ethni·

87 1578 194 1621 corum
225 1577 369 1623 emonam
401 1559 537 1621 tenebris
567 1561 716 1622 coelestis
749 1561 912 1622 doetrinae
942 1560 1012 1621 lnce
1042 1561 1149 1623 orbem
1171 1570 1329 1623 terranem

87 1646 321 1723 meminerant,
353 1649 521 1726 rsonitiqae
542 1664 565 1707 a
586 1646 720 1708 Domino
748 1646 815 1721 (tlt.
842 1644 891 1723 10,
922 1644 975 1708 at.
997 1645 1085 1721 28.):
1116 1646 1226 1725 „Quod
1256 1648 1328 1707 dico

84 1733 176 1793 cobis
194 1733 234 1793 in
256 1732 403 1808 tenebris,
432 1733 526 1794 dicite
550 1733 583 1793 in
608 1733 730 1810 taeniae,
763 1741 793 1793 et
814 1733 899 1812 quod
919 1735 953 1794 in
975 1751 1052 1794 aare
1074 1736 1205 1809 auditis,
1224 1750 1328 1813 prae·

87 1819 190 1882 dmate
217 1837 320 1897 ¹serpes
352 1827 443 1895 tecta,
465 1827 496 1880 et
516 1818 614 1881 nolite
638 1821 745 1880 timere
768 1836 832 1894 eos,
855 1821 910 1898 pai
932 1819 1080 1881 occidunt
1101 1838 1228 1899 corpas,
1251 1820 1328 1880 ani-

85 1924 167 1967 mam
191 1924 267 1965 nero
290 1924 352 1966 non
374 1913 508 1985 possunt
529 1906 690 1966 occidere“
713 1914 769 1966 ete.
815 1902 895 1977 Quis
910 1905 981 1982 jann
1003 1906 1085 1966 lianc
1107 1924 1215 1967 eornm
1234 1906 1329 1984 finem

85 1992 297 2061 carmiderans
319 1990 381 2054 sibi
409 1992 613 2071 persuadent,
647 2010 702 2052 eos
723 1992 803 2052 adeo
822 1991 925 2070 fuisse
957 1993 1151 2071 insipientes,
1174 2002 1207 2054 nt
1227 2010 1328 2071 prae-

84 2079 168 2157 cepti
202 2086 295 2157 atque
326 2078 461 2159 exempli
491 2078 637 2156 mopistri
668 2077 757 2140 obliti
777 2097 835 2156 per
857 2080 1173 2139 accommodationem
1192 2079 1328 2159 positive

84 2165 294 2245 dopmaticam
316 2162 466 2239 piam'ad
487 2183 617 2243 scopam
633 2164 722 2235 illurn
744 2166 835 2241 onice
859 2166 1019 2225 ducentem
1034 2165 1097 2244 ipsi
1114 2164 1175 2225 sibi
1197 2164 1328 2226 obstra-

84 2258 194 2327 erent,
234 2260 269 2325 nt
298 2250 454 2332 abnepatd
487 2253 619 2313 acritate
653 2252 815 2312 ueritatem
845 2269 1026 2331 propapore
1058 2251 1203 2312 callent?
1242 2249 1329 2312 Idem

86 2338 251 2417 calliditas
1250 2380 1253 2385 -

175 2422 211 2496 b)
240 2442 281 2485 ec
313 2424 475 2485 doctrinae
511 2420 617 2484 indole
647 2430 678 2485 et
707 2422 841 2484 docendi
871 2424 984 2495 modo;
1013 2443 1087 2485 nam
1121 2421 1267 2487 Christus
1300 2428 1331 2485 et
1381 2472 1384 2477 .

89 2508 237 2589 Apostoli
253 2508 338 2573 talia
360 2510 481 2586 docent,
516 2528 595 2588 quae
618 2528 688 2570 cmo
707 2511 876 2588 primariis
897 2510 1092 2573 ludaeorum
1114 2520 1205 2591 atque
1226 2509 1331 2587 ethni-

90 2614 201 2667 corum
221 2594 387 2659 sententiis
410 2597 497 2657 nullo
528 2596 624 2676 plone
655 2596 746 2656 modo
767 2596 947 2658 conciliari
979 2605 1112 2676 queunt,
1144 2594 1214 2657 dum
1247 2615 1275 2656 v.
1299 2613 1330 2679 g.

92 2679 265 2762 opinionem
301 2682 340 2744 de
373 2700 472 2765 regno
495 2680 628 2743 Messias
661 2688 804 2761 terreno,
829 2682 868 2743 de
904 2690 1053 2765 perpetuo
1077 2683 1156 2765 legis
1187 2683 1329 2763 antiquae

87 2768 204 2843 valore,
218 2768 256 2829 de
274 2767 469 2830 traditionum
492 2768 729 2849 pharisaicarum
753 2768 933 2832 auctoritate
957 2770 1108 2851 intrepide
1130 2770 1329 2850 impugnnnl;

88 2853 159 2916 dum
182 2872 244 2916 non
279 2854 469 2916 obstantibus
502 2855 750 2918 Sadducaeorum
784 2855 901 2935 placitis
925 2857 1103 2936 angelorum
1127 2856 1329 2932 existentiam,

88 2942 207 3003 animae
239 2940 511 3019 immortalitatem,
545 2941 682 3020 corporis
718 2941 996 3017 resurrectionem,
1016 2940 1164 3020 judicium
1195 2940 1329 3002 luturum

88 3033 267 3090 constanter
300 3024 491 3102 detendunt3
523 3028 692 3089 simulatam
716 3025 947 3088 Pharisaeorum
981 3027 1125 3106 pietatem
1158 3024 1275 3087 directe
1298 3032 1330 3086 et

88 3120 196 3197 aperte
218 3114 398 3194 improbant,
423 3121 454 3175 et
477 3112 623 3193 quidquid
646 3111 757 3174 ludaei
780 3131 816 3173 ss
839 3112 972 3194 gentiles
997 3112 1152 3174 senserint
1174 3117 1206 3174 et
1227 3128 1329 3194 oppo-

88 3202 216 3277 suerint,
238 3206 376 3262 naturam
399 3198 508 3262 Christi
532 3199 672 3275 divinum,
697 3200 764 3279 ejus
788 3206 916 3261 mortem
946 3198 1155 3280 expletorium,
1179 3215 1197 3260 e
1220 3197 1329 3278 sepul-

89 3284 163 3348 chro
197 3284 475 3362 resurrectionem,
509 3286 541 3347 in
564 3284 684 3347 coelum
721 3286 952 3360 ascensionem,
982 3284 1020 3346 ad
1051 3285 1208 3347 dextemm
1232 3283 1328 3346 Patris

88 3372 262 3435 sessionem
300 3373 526 3453 adventumque
565 3371 602 3433 ad
632 3371 782 3452 judicium
819 3371 998 3452 praedicare
1032 3388 1094 3433 non
1128 3375 1263 3432 cessant.
1287 3404 1329 3417 -

89 3459 260 3521 Praeterea
281 3458 348 3520 tttts
370 3462 451 3539 ipsis
472 3463 506 3520 in
530 3460 619 3534 locis,
632 3458 688 3519 nbi
708 3460 889 3520 adversarii
910 3459 1226 3520 accommodationem
1249 3457 1330 3519 hanc

88 3546 201 3607 adesse
224 3554 374 3621 statuunt,
387 3551 433 3608 ita
455 3565 489 3607 se
512 3538 632 3627 perant,
655 3554 691 3606 at
711 3546 802 3606 homo
825 3546 1124 3607 accommodationis
1146 3544 1331 3607 necessitati

88 3632 204 3694 cedens
227 3650 319 3711 apere
342 3652 405 3693 non
428 3633 517 3708 solet,
529 3632 593 3693 arisi
606 3650 744 3710 prorsas
765 3631 927 3711 improbas
948 3633 991 3692 sit
997 3651 1009 3702 ‚·
1023 3632 1200 3694 doctrinam
1222 3649 1330 3710 nempe

88 3714 180 3779 suom
203 3736 266 3779 non
286 3721 455 3797 provocati
476 3719 515 3780 ab
538 3719 614 3780 aliis
636 3718 792 3796 adferant,
806 3719 974 3797 replicant,
997 3720 1200 3796 aspernantis,
1217 3718 1331 3796 pravi-

89 3804 201 3866 oribns
230 3805 529 3880 asseverationibus,
552 3807 614 3865 imo
637 3812 668 3865 et
682 3804 896 3882 jurejarando
923 3805 1060 3882 firmant,
1084 3814 1116 3866 et
1135 3813 1247 3866 contra
1269 3803 1331 3864 ob·-

82 3891 242 3969 jectiones
264 3892 435 3953 vindicant.
480 3890 543 3952 Ant
564 3891 668 3968 itaqne
689 3891 852 3969 fatendam
874 3899 931 3967 est,
944 3890 1100 3953 Christum
1118 3900 1149 3952 et
1159 3888 1331 3967 Apostolos

89 3975 205 4038 levium
227 3984 258 4038 et
278 3978 492 4056 improborum
524 3976 682 4047 honeinam
714 3979 818 4038 instar
840 3995 915 4056 erpa
938 3996 1016 4039 aero
1038 3985 1068 4039 et
1084 3976 1174 4056 ¹falsa
1193 3992 1330 4054 prorsas

87 4060 301 4145 indifferentes
321 4065 435 4143 fuisse,
458 4072 641 4125 ontearum
664 4061 797 4124 docendi
817 4065 942 4125 modam
963 4082 1027 4124 non
1053 4064 1165 4136 minus,
1188 4078 1227 4121 ac
1250 4061 1330 4123 doc·

88 4150 193 4210 minae
215 4150 350 4212 indolem
373 4148 831 4212 omnemoccommodationsm
850 4152 987 4230 positive
1009 4149 1216 4226 dopmuticam
1232 4147 1330 4225 plone

87 4236 278 4307 occludam
308 4246 361 4298 ost
388 4235 645 4316 quemadmodum
674 4236 762 4296 illam
792 4235 1016 4316 blasphemiam
1038 4236 1176 4310 damnat,
1198 4234 1246 4295 ita
1266 4252 1329 4295 no-

87 4324 395 4384 momenmentum
419 4324 582 4401 confirmat

178 4413 213 4482 c)
236 4408 504 4485 characterlesn
527 4406 644 4470 Christi
667 4415 698 4470 st
718 4408 957 4487 Apostolorum
987 4424 1069 4483 nam,
1091 4406 1185 4468 atde
1208 4420 1332 4466 summa

88 4493 209 4555 Christi
242 4497 411 4556 sanctitate
441 4495 522 4556 nihil
554 4495 715 4575 dicamus,
748 4503 853 4574 atpote
875 4496 928 4574 qai
950 4495 1001 4554 ael
1022 4493 1329 4641 coram22stcerrimir
