2834 4896
728 282 731 287 ,
1285 208 1324 273 ei

657 377 688 444 §-
710 371 763 433 44.

83 507 203 576 Linguae
229 520 342 575 graecam
367 506 472 557 aerioria
493 504 629 588 judaisnniis
649 512 675 559 et
692 508 863 570 aramaiamia,
891 507 951 559 dein
983 510 1008 560 in
1032 508 1060 561 N.
1084 507 1110 560 t.
1138 511 1329 582 ebriatianiamia

551 582 644 626 mixtae
665 577 734 628 varia
757 579 868 628 nomina.

173 721 226 783 Ad
248 720 385 800 linquam
414 736 531 799 praeeo
586 720 760 798 jadoiemie
782 727 812 780 et
832 723 1036 784 oromoiemie
1065 726 1203 800 mictum,
1225 727 1328 806 qualia

85 814 119 872 in
142 807 290 870 omnibus
312 805 413 882 tibris,
437 806 491 884 qai
512 822 534 866 a
576 807 690 868 odaeia
710 823 823 885 praece
852 807 1062 870 scribentiboe
1086 810 1223 890 profecti
1245 822 1328 889 sont,

86 899 132 959 ati
153 900 190 956 in
213 893 306 955 libris
327 892 618 953 deuteronononicie
634 892 665 953 V.
683 891 727 967 Τ,
749 894 783 953 in
804 894 949 954 versione
962 898 1174 975 sepmaqtnm,
1186 895 1329 978 Aquilae,

84 979 274 1064 Symmachi,
297 977 529 1050 Tbeodotionis,
553 979 587 1039 in
607 977 748 1056 doeeplto
768 978 892 1047 Flavio,
914 980 1042 1043 Pltilone
1071 984 1206 1063 aliisque
1228 987 1329 1065 moqie

84 1071 230 1130 1111111111
253 1064 346 1126 oboio
367 1072 437 1136 eet;
467 1064 511 1124 od
542 1063 642 1140 banc,
669 1066 814 1144 inquam,
848 1065 987 1144 linquam
1012 1070 1070 1130 rite
1101 1069 1330 1149 deeipnondam

85 1154 172 1217 baud
188 1155 366 1231 inconqruo
381 1151 505 1212 ridetur
522 1150 753 1212 denominatio:
764 1150 885 1230 Linque
903 1151 1183 1235 hebraeo-praeca
1204 1156 1331 1221 Adeunt

86 1250 190 1303 autem
212 1239 332 1300 etalio
351 1237 489 1311 nomina,
511 1254 591 1315 qaae
613 1246 677 1298 tom
699 1236 860 1312 brevitate,
881 1245 943 1299 min
965 1244 1148 1321 antiquitate
1169 1260 1328 1304 commen-

86 1328 213 1402 dantur,
236 1322 329 1405 quale
351 1331 417 1384 est:
439 1319 596 1383 dialectos
617 1322 844 1396 Alexandrina,
869 1324 940 1384 inde
963 1335 1088 1388 enatam
1110 1337 1140 1390 et
1161 1346 1182 1388 a
1203 1332 1327 1408 primo-

86 1432 156 1475 ram
178 1410 379 1475 saecolorum
399 1408 609 1488 scriptoribus
631 1410 701 1470 ideo
724 1411 1010 1490 adoptatam,qood
1031 1414 1140 1493 linqno
1161 1414 1238 1476 baec
1258 1416 1326 1494 fere

91 1499 198 1560 eadem
227 1499 272 1559 ait
302 1513 374 1557 cam
405 1495 464 1555 illa
492 1496 649 1556 versionis
670 1496 876 1576 Septnoqinta
907 1497 1121 1562 Alexandriae
1153 1500 1325 1580 confectae.

91 1583 162 1646 Cum
184 1590 287 1645 tamen
310 1587 342 1643 et
364 1580 512 1643 dialectus
536 1581 715 1659 communis,
745 1587 815 1662 post
835 1581 1004 1645 Alexandri
1025 1585 1063 1646 bi.
1086 1591 1223 1667 tempora
1246 1587 1326 1651 inter

88 1688 195 1733 onnes
215 1667 284 1730 iere
308 1666 444 1730 Graecos
466 1666 587 1744 usitata,
619 1685 835 1749 nonnunquam
868 1668 986 1730 dicatur
1014 1669 1164 1735 dialectus
1186 1673 1326 1736 Alexan·

86 1757 192 1819 drina:
225 1756 259 1817 in
291 1771 351 1816 usu
384 1752 638 1815 denominationis
671 1753 761 1835 hujus
790 1753 958 1816 cavendum
983 1762 1039 1833 0st,
1062 1775 1102 1819 ne
1124 1766 1253 1839 utraque
1275 1760 1326 1823 illa

85 1843 237 1905 dialectua
260 1839 471 1902 confundatur.
495 1874 537 1884 —
558 1838 731 1918 Aptissima
753 1859 828 1903 oero
862 1842 1039 1920 deaiqaatio
1070 1854 1140 1907 eet:
1171 1847 1327 1909 dialecton

85 1930 295 2003 bellenietico,
312 1936 417 2007 utpote
438 1945 518 2006 quoe
540 1927 725 2004 antiquitate
742 1936 772 1989 et
793 1927 943 1989 brevitate
965 1946 1029 1990 non
1051 1932 1164 2007 minoe,
1176 1950 1215 1993 oc
1234 1935 1327 2012 prior

85 2015 332 2091 commendator,
364 2022 531 2093 praetereo
564 2013 653 2073 nollo
684 2013 885 2092 ombiqnitote
913 2013 1047 2092 laborat,
1069 2026 1099 2077 et
1118 2019 1259 2096 ipsoram
1282 2037 1326 2080 as.

85 2103 253 2163 literornm
282 2100 428 2180 loquendi
459 2117 519 2160 aaa
545 2100 704 2177 firmatur,
739 2100 794 2161 abi
823 2101 952 2159 laetatae
975 2112 1007 2163 et
1023 2094 1161 2180 Ἕλληνες
1191 2105 1325 2178 (radone

85 2187 187 2249 habita
211 2186 339 2268 originis
363 2191 415 2247 aut
434 2184 609 2265 religionis)
633 2185 691 2246 sibi
713 2186 754 2248 ita
777 2192 979 2267 opponuntur,
1002 2194 1035 2248 ut
1057 2187 1126 2251 cab.
1149 2189 1212 2251 Gal.
1229 2192 1260 2269 2,
1277 2192 1324 2253 11.

86 2276 152 2336 Act.
178 2272 233 2351 24,
257 2273 286 2334 5.
308 2270 490 2347 11011129.
511 2271 559 2348 10,
580 2269 628 2334 12.
654 2270 690 2332 al.
713 2289 775 2333 vox
796 2273 880 2353 prior
901 2272 1039 2335 homines
1057 2274 1201 2353 judaicae
1224 2278 1325 2360 gentis

86 2360 216 2422 denotet
231 2359 407 2437 ubicunque
418 2364 567 2419 terrarum
582 2355 749 2438 degentem
764 2359 857 2421 altera
870 2376 945 2419 vero
963 2360 1112 2440 gentiles3
1126 2369 1158 2423 et
1168 2362 1324 2440 lenatico,

86 2446 228 2526 ἕβραικός
250 2463 319 2507 cum
342 2439 500 2522 ἑλληνίζειν
524 2450 555 2504 at
569 2439 740 2522 iiiqricrq'c
752 2450 912 2526 (respectu
934 2443 1073 2527 linguae)
1084 2447 1126 2508 ita
1144 2449 1324 2529 junguntur,

87 2539 118 2593 ut
150 2532 304 2594 vocabula
326 2530 376 2591 illa
410 2529 609 2592 adhibeantur
631 2527 669 2589 de
692 2528 811 2592 Judaeo
842 2531 987 2592 belnaica
1011 2535 1196 2608 (aramaica)
1219 2541 1325 2597 utente

86 2617 271 2694 vernaculi,
304 2617 539 2693 Palaestinensi,
573 2621 607 2677 ut
634 2615 702 2677 Act.
735 2618 787 2693 22,
819 2618 850 2682 2.
881 2616 933 2692 26,
967 2616 1035 2689 14.;
1068 2619 1147 2682 baec
1177 2638 1252 2683 vero
1285 2622 1325 2684 de

86 2705 206 2768 ludaeo
229 2721 344 2786 graece
366 2702 522 2784 loquente,
546 2709 665 2777 extero,
689 2703 758 2764 coll.
779 2704 848 2765 Act.
873 2704 902 2780 9,
926 2703 977 2766 29.
1001 2722 1069 2766 cum
1092 2706 1122 2782 6,
1142 2705 1170 2769 1.
1194 2725 1281 2790 seqq.

100 2818 109 2825 ·
174 2791 228 2852 Ad
247 2792 306 2852 rite
329 2789 555 2869 deeiqaondam
576 2789 614 2851 Ν.
636 2787 669 2848 Τ.
693 2790 820 2866 idioma,
844 2800 880 2853 at
902 2791 1046 2853 elementi
1068 2793 1136 2871 ejas
1159 2793 1326 2856 christiani

87 2880 169 2940 ratio
192 2877 356 2954 babeotur,
377 2875 556 2938 mimicae
580 2883 629 2937 eet
650 2875 885 2939 denominatio:
918 2877 1074 2940 dialectice
1107 2878 1323 2942 111111111ιὲ11-

88 2964 274 3026 cbristiona.

518 3256 817 3339 Articulus
859 3261 903 3340 ll.

92 3425 136 3490 Ile
171 3424 309 3490 fontibus
343 3433 376 3487 et
407 3425 568 3505 subsidiis,
603 3443 621 3488 a
655 3426 764 3507 quibus
807 3446 880 3490 usus
918 3427 1064 3508 loquendi
1099 3446 1123 3490 a.
1157 3426 1333 3513 scripturae

604 3514 810 3595 cognoscitur.

669 3726 699 3794 ς.
725 3719 777 3781 45.

87 3854 249 3924 Quotuplieia
268 3856 373 3923 generis
393 3854 478 3907 iontea
498 3865 524 3908 at
542 3855 656 3907 subsidia
675 3855 820 3906 adhibenda
840 3824 898 3918 sint,
917 3865 944 3907 et
960 3855 1030 3907 unde
1049 3864 1233 3925 cognoscatur,
1251 3871 1328 3924 quen

106 3926 109 3931 '
248 3940 323 3976 usum
341 3923 466 3993 loquendi
484 3924 592 3994 cinguli·
610 3928 636 3977 in
654 3924 720 3975 locia
739 3926 813 3992 aequi
832 3932 952 3990 oporteat
968 3924 1159 3992 interpretem?
1237 3996 1243 4006 ι

174 4070 201 4130 1.
234 4066 311 4130 Cam
348 4069 424 4131 libri
455 4073 543 4131 socri
575 4079 631 4131 aot
664 4068 807 4130 bebraice
831 4079 860 4130 et
882 4070 1051 4131 nonnullae
1081 4075 1192 4149 portet
1226 4064 1258 4128 V.
1290 4067 1324 4132 T.

85 4157 258 4231 chaldaice,
274 4163 330 4217 ont
350 4174 462 4235 praece
478 4157 521 4216 ad
535 4175 593 4217 nos
612 4158 813 4235 pervenerint
822 4177 832 4225 ;
845 4175 915 4215 com
935 4163 1102 4235 praeterea
1117 4155 1189 4233 ipra
1208 4171 1326 4234 praeca

84 4262 107 4303 1.
131 4242 317 4321 Scriptaroe
341 4236 451 4322 linqua
480 4244 595 4321 partim
628 4241 771 4304 omnibns
794 4242 924 4303 Graecis
946 4239 1121 4303 acrioribus
1142 4242 1325 4318 comam,

81 4331 197 4407 partim
207 4327 342 4388 lodaeia
362 4329 547 4408 pecoliaris,
562 4331 581 4388 i
594 4347 619 4389 e.
632 4328 806 4406 judaismia
829 4339 859 4389 et
880 4327 1067 4389 ltebrot‘emis
1089 4327 1326 4407 mictd,portim

84 4417 116 4475 in
138 4414 176 4475 N.
200 4413 233 4474 T.
254 4422 383 4492 praeter
404 4413 625 4490 rabbiniemoe,
642 4415 867 4481 cilicismoeot
890 4413 1064 4474 latinismoe
1087 4413 1325 4491 1111111111νί-

83 4501 139 4560 bua
159 4503 296 4579 propria
317 4501 382 4561 tit:
407 4503 439 4561 in
462 4502 574 4579 aprico
597 4509 654 4574 eet,
677 4500 721 4560 od
741 4519 831 4561 naam
856 4500 1003 4577 loquendi
1024 4518 1067 4559 11.
1093 4499 1244 4644 librqram
1266 4502 1324 4560 rite
