2834 4896
82 196 125 259 di

534 366 865 468 capnon.

81 496 129 560 De
150 514 209 561 usu
229 494 375 578 loquendi
397 513 422 559 s.
435 493 619 578 scripturae,
643 504 674 561 et
697 497 736 559 de
758 496 904 576 lontibus,
921 495 1004 559 unde
1026 495 1067 560 sit
1088 495 1308 581 cognosendus.

569 676 577 689 “
631 684 734 760 ast.

117 819 240 884 Quaestio
257 819 376 886 praevia.
394 818 458 871 lium
476 820 609 887 interpreti
626 819 757 872 catholico
776 821 808 872 ed
826 819 920 872 idioma
940 818 1067 890 originale
1083 818 1173 874 redire
1189 818 1286 874 deeuti

169 915 309 979 Nonnulli
332 917 566 994 contenderunt,
579 917 706 980 decreto
730 919 852 980 concilii
875 917 1041 981 Tridentini
1061 935 1142 982 sess.
1162 916 1214 981 Ν.
1227 914 1316 993 edito,

83 1020 145 1085 quo
167 1002 275 1065 Versio
298 1002 420 1085 vulgata
443 1003 616 1066 authentica
641 1003 829 1083 declaratur,
852 1005 1050 1087 interpretem
1073 1002 1263 1069 catholicum
1282 1001 1318 1065 ad

83 1094 202 1152 textura
224 1089 404 1172 originalem
425 1089 530 1151 redire
551 1090 715 1171 prohiberi.
760 1090 861 1153 Verba
884 1090 1002 1154 decreti
1022 1088 1102 1153 baec
1125 1096 1218 1153 srmt:

288 1174 442 1256 „Insuper
470 1185 678 1239 sacrosancta
709 1178 849 1258 synodus
878 1178 1099 1255 considerans,
1120 1194 1189 1239 nort
1207 1193 1321 1257 por-ert

330 1262 479 1323 utilitatis
501 1263 651 1323 accedere
671 1281 768 1341 posse
791 1264 946 1325 ecclesiae
968 1262 1038 1339 Dei,
1059 1264 1092 1326 si
1113 1281 1156 1325 ec
1178 1260 1321 1324 omnibus

332 1347 441 1407 latinis
464 1347 665 1424 editionibus,
689 1368 769 1429 quae
799 1349 1064 1429 circumferuntur
1085 1366 1257 1411 sacrorum
1279 1346 1321 1408 li-

334 1436 468 1509 brorum,
502 1452 655 1512 quaenam
684 1453 745 1513 pro
769 1437 949 1497 auttenttca
979 1436 1022 1497 sit
1042 1433 1203 1510 mlada,
1226 1434 1320 1495 inno-

333 1527 444 1594 tescat,
468 1522 579 1582 statuit
599 1527 630 1580 et
651 1520 802 1596 declarat,
832 1530 867 1582 ut
888 1521 965 1582 laec
988 1522 1061 1600 ipsa
1082 1530 1177 1587 aetus¹
1197 1527 1230 1582 et
1250 1518 1321 1581 osl-

332 1612 409 1682 pata
430 1606 534 1682 editio,
567 1623 646 1686 quae
681 1607 772 1686 leupo
803 1615 848 1669 tot
879 1607 1080 1668 saeculorum
1110 1624 1173 1669 usu
1195 1605 1323 1684 inipso

333 1691 468 1751 ecclesia
486 1691 623 1770 probata
645 1701 702 1768 est,
725 1694 758 1754 in
777 1693 915 1771 publicis
946 1690 1143 1769 lectionibus,
1173 1692 1323 1771 disputa-

334 1776 470 1838 tionibus
493 1785 524 1838 et
545 1780 795 1856 expositionibus
823 1798 884 1858 pro
907 1778 1087 1841 authentica
1108 1776 1277 1853 habeatur,
1297 1782 1326 1836 et

333 1880 422 1923 acmo
445 1881 514 1925 eane
535 1865 666 1942 rejicere
689 1867 802 1944 puceis
822 1873 990 1946 praetentu
1012 1864 1129 1927 audeat
1149 1871 1208 1927 aut
1227 1881 1324 1945 proe-

334 1949 465 2009 sumat.“

176 2032 284 2094 Versio
308 2034 379 2112 jam
409 2034 590 2095 authentica
623 2053 693 2096 esse
719 2044 827 2116 potest
846 2036 1002 2099 strictiori
1023 2043 1054 2099 et
1075 2032 1187 2097 latiori
1209 2051 1325 2105 seuseu

87 2121 241 2181 strictiori
263 2136 357 2180 sensu
380 2128 428 2180 est
448 2119 638 2196 authentica,
659 2124 690 2182 si
711 2123 912 2203 archetypum
931 2121 1044 2202 abique
1063 2122 1205 2184 locor-sm
1227 2137 1326 2195 acea

86 2207 245 2266 ratissima
268 2213 494 2283 repraesentat,
527 2215 682 2286 exaequat
715 2216 744 2269 et
776 2215 967 2288 compensat,
989 2210 1036 2269 ita
1057 2216 1094 2272 ut
1114 2207 1265 2269 immunis
1286 2204 1327 2265 sit

87 2292 127 2351 ab
151 2291 236 2351 omni
258 2292 392 2367 omniuo,
415 2293 509 2352 etiam
532 2293 692 2354 lenissimo
714 2292 836 2371 menda,
865 2312 886 2355 a
907 2312 1037 2356 versare
1059 2295 1231 2355 cammaro
1240 2312 1255 2365 ,·
1278 2291 1326 2353 ta-

87 2379 163 2439 tiori
178 2379 396 2452 senensium
419 2377 458 2438 ab
481 2381 566 2439 omui
588 2378 720 2457 quidem,
743 2389 912 2442 attamena
928 2382 985 2441 tali
1007 2398 1117 2441 errore
1139 2387 1190 2440 est
1211 2378 1326 2451 aliena,

86 2482 147 2543 pue
170 2466 344 2542 arpumenti
365 2465 502 2526 essentia
531 2466 758 2543 immutaretur,
788 2485 845 2529 seu
873 2466 1018 2528 auctoris
1047 2484 1134 2527 meas
1157 2466 1193 2527 iu
1216 2481 1327 2525 essen-

87 2548 216 2613 tialibus
235 2558 476 2629 perverteretur.

172 2634 347 2697 Concilium
369 2634 585 2696 Tridentinum
608 2632 782 2698 Catholicis
802 2637 920 2700 aditum
933 2639 977 2699 ad
999 2644 1117 2699 tectam
1139 2632 1328 2715 originalem

84 2721 290 2783 interdi'aisse
321 2722 450 2782 nonnisi
483 2730 546 2783 tura
577 2732 661 2784 esset
689 2722 860 2800 fatendum,
891 2724 920 2783 si
950 2724 1129 2785 versionem
1163 2721 1328 2803 Vulpatam

84 2826 183 2870 sensu
205 2807 359 2868 strictiori
380 2816 411 2868 et
432 2807 530 2869 relate
553 2807 597 2868 ad
618 2816 733 2870 tectura
756 2808 941 2887 oripiaalem
971 2809 1170 2871 declarasset
1191 2806 1328 2871 autiss·

85 2897 200 2967 ticam;
223 2895 310 2973 atqui
332 2901 475 2954 neutrum
499 2893 596 2954 locum
619 2894 720 2971 babet,
744 2912 818 2973 erpo
842 2902 902 2958 ete.

177 2981 204 3041 1.
229 2976 405 3040 Concilium
426 2977 513 3041 Trid.
536 2982 712 3041 versionem
738 2979 900 3059 Vulpatam
922 2999 986 3043 non
1008 2980 1174 3057 strictiori,
1190 2976 1258 3044 'sed
1279 2978 1328 3041 la-

85 3067 161 3130 tiari
183 3074 302 3130 tantum
324 3084 420 3127 seusu
443 3065 619 3126 declaravit
640 3066 860 3143 auctenticum,
882 3066 901 3126 i.
924 3085 952 3128 e.
976 3067 1078 3144 talem,
1102 3084 1183 3146 quae
1205 3083 1271 3129 non
1293 3062 1329 3125 ab

86 3153 168 3216 omni
203 3151 327 3234 quidem
357 3150 469 3212 mendo
500 3151 649 3227 immunis,
680 3150 764 3213 nullo
796 3158 898 3212 tamen
922 3151 1074 3233 ejusmodi
1105 3168 1215 3213 errore
1247 3156 1330 3215 esset

86 3237 262 3316 defoedata,
287 3255 348 3319 quo
371 3238 402 3299 in
425 3236 642 3300 essentialibus
674 3254 715 3298 ss.
739 3243 897 3299 auctorum
928 3255 1040 3300 sensus
1063 3237 1105 3300 ita
1127 3244 1330 3319 pervertere·

87 3331 146 3401 tur,
180 3330 214 3386 ut
243 3324 450 3406 perniciosum
479 3321 602 3403 aliquod
625 3322 737 3405 dogma
765 3322 837 3385 inde
861 3323 964 3406 colligi
986 3331 1103 3406 posset.
1148 3322 1242 3397 Quod
1264 3341 1330 3387 ma-

86 3408 200 3471 nifeste
223 3410 356 3472 docent:

174 3499 212 3569 a)
235 3496 468 3558 Pallaaicinius
491 3490 659 3568 dicens*):
706 3492 801 3571 „Num
824 3492 905 3556 forte
928 3494 1109 3574 inficiamur,
1140 3495 1171 3558 in
1195 3493 1331 3559 editione

88 3578 210 3660 vulgata
243 3579 335 3641 multa
364 3599 437 3644 esse
464 3580 616 3662 ambigua,
652 3578 782 3640 obscura
814 3579 917 3657 multa,
948 3582 1057 3662 quibus
1087 3582 1142 3645 lux
1164 3580 1333 3645 altmarus

89 3684 106 3727 a
130 3664 230 3726 bibliis
253 3664 417 3744 primorum
427 3665 629 3729 idiomatum?
650 3664 760 3727 Nonne
769 3664 888 3726 illorum
912 3684 971 3749 ope
989 3667 1133 3730 catholici
1144 3668 1333 3751 interpretes

88 3750 204 3832 passim
244 3751 395 3812 utuntur?
438 3751 547 3815 Nonne
578 3751 610 3815 id
640 3752 732 3813 etiam
763 3751 917 3832 proxime¹
933 3760 1005 3833 post
1026 3753 1150 3815 concilii
1172 3752 1335 3817 decretum

90 3843 231 3919 egerunt,
250 3836 328 3915 'quin
351 3842 386 3898 et·
404 3835 503 3898 adbuc
534 3838 719 3920 perdurante
756 3836 914 3899 concilio?
958 3838 1046 3910 Quod
1069 3838 1171 3921 palam
1194 3838 1284 3919 iacit,
1305 3836 1336 3903 id

91 3940 152 3984 non
176 3922 289 4002 opponi
313 3920 484 3982 sententiae
506 3922 626 3985 Patmm
650 3922 923 3985 Tridentinorum.“
947 3959 989 3969 -
1011 3922 1095 3986 ldem
1118 3923 1285 3989 confirmat

178 4009 215 4084 b)
241 4008 333 4086 cha,
358 4007 519 4086 tbeolopus
541 4009 684 4085 concilii,
715 4011 769 4090 qui
791 4006 972 4071 cardinalis
994 4029 1015 4070 a
1037 4030 1064 4072 s.
1087 4008 1198 4089 Cruee,
1219 4020 1339 4091 postea

92 4092 150 4152 sab
171 4091 314 4155 Marcelli
335 4091 376 4153 lt.
399 4094 523 4153 nornine
547 4093 710 4172 Pontificis
732 4096 877 4170 Romani,
905 4094 1128 4173 familiaritate
1151 4105 1223 4158 erat
1245 4116 1340 4174 usus,

94 4183 126 4236 et
145 4176 222 4239 haec
243 4176 426 4252 refert“):
470 4176 632 4258 „Synodns
665 4196 727 4241 non
758 4179 937 4261 adprobavit
958 4180 1080 4260 menda,
1105 4199 1186 4262 quae
1208 4181 1351 4266 linguar

130 4369 158 4431 ')
176 4368 237 4420 llist.
256 4372 359 4425 concilii
375 4372 443 4424 Trid.
462 4371 505 4424 lib.
523 4371 565 4423 Vl.
584 4371 624 4422 17.
643 4388 668 4423 n.
687 4372 711 4422 6.

112 4435 157 4500 ”J
176 4436 228 4487 Lib.
245 4438 298 4490 XV.
324 4457 348 4493 c.
372 4443 398 4492 9.
421 4442 454 4493 de
468 4440 662 4506 justificatione.
686 4439 730 4490 nbi
749 4439 775 4489 id
793 4443 855 4508 agit,
873 4449 902 4495 ut
932 4442 1060 4507 ostendat,
1090 4444 1184 4499 imstra
1203 4445 1340 4500 desudare

177 4503 310 4558 Calvinum
328 4511 355 4559 in
373 4509 541 4563 ostendendis
558 4512 627 4563 vitiis
646 4509 772 4578 Vulgatne
791 4510 919 4563 editionis.
