<?xml version="1.0" encoding="UTF-8"?>
<!DOCTYPE html PUBLIC "-//W3C//DTD XHTML 1.0 Transitional//EN"
    "http://www.w3.org/TR/xhtml1/DTD/xhtml1-transitional.dtd">
<html xmlns="http://www.w3.org/1999/xhtml" xml:lang="en" lang="en">
 <head>
  <title>
</title>
<meta http-equiv="Content-Type" content="text/html;charset=utf-8" />
  <meta name='ocr-system' content='tesseract 3.04.00' />
  <meta name='ocr-capabilities' content='ocr_page ocr_carea ocr_par ocr_line ocrx_word'/>
</head>
<body>
  <div class='ocr_page' id='page_1' title='image "./hermeneuticabib00gngoog_0076.png"; bbox 0 0 2834 4896; ppageno 0'>
   <div class='ocr_carea' id='block_1_1' title="bbox 621 111 726 186">
    <p class='ocr_par' dir='ltr' id='par_1_1' title="bbox 621 111 726 186">
     <span class='ocr_line' id='line_1_1' title="bbox 621 111 726 186; baseline -0.048 -9"><span class='ocrx_word' id='word_1_1' title='bbox 621 117 652 186; x_wconf 71' lang='lat' dir='ltr'>S.</span> <span class='ocrx_word' id='word_1_2' title='bbox 674 111 726 177; x_wconf 79' lang='lat'>26.</span> 
     </span>
    </p>
   </div>
   <div class='ocr_carea' id='block_1_2' title="bbox 247 242 1096 315">
    <p class='ocr_par' dir='ltr' id='par_1_2' title="bbox 247 242 1096 315">
     <span class='ocr_line' id='line_1_2' title="bbox 247 242 1096 315; baseline 0.007 -17"><span class='ocrx_word' id='word_1_3' title='bbox 247 246 387 300; x_wconf 78' lang='lat' dir='ltr'>Succincta</span> <span class='ocrx_word' id='word_1_4' title='bbox 406 242 529 301; x_wconf 80' lang='lat' dir='ltr'>historiae</span> <span class='ocrx_word' id='word_1_5' title='bbox 547 246 701 315; x_wconf 82' lang='lat' dir='ltr'>disciplinae</span> <span class='ocrx_word' id='word_1_6' title='bbox 719 248 929 301; x_wconf 84' lang='lat' dir='ltr'>hermeneutiene</span> <span class='ocrx_word' id='word_1_7' title='bbox 947 247 1096 305; x_wconf 71' lang='lat' dir='ltr'><strong>delineatio.</strong></span> 
     </span>
    </p>
   </div>
   <div class='ocr_carea' id='block_1_3' title="bbox 45 390 1309 3743">
    <p class='ocr_par' dir='ltr' id='par_1_3' title="bbox 45 390 1296 1076">
     <span class='ocr_line' id='line_1_3' title="bbox 134 390 1296 475; baseline 0.005 -23"><span class='ocrx_word' id='word_1_8' title='bbox 134 390 291 466; x_wconf 74' lang='grc' dir='ltr'><strong><em>Οοονηοίο</em></strong></span> <span class='ocrx_word' id='word_1_9' title='bbox 312 392 501 471; x_wconf 85' lang='lat' dir='ltr'>disciptinae</span> <span class='ocrx_word' id='word_1_10' title='bbox 524 392 773 454; x_wconf 86' lang='lat' dir='ltr'>berrneaeuticoe</span> <span class='ocrx_word' id='word_1_11' title='bbox 795 412 917 454; x_wconf 81' lang='lat' dir='ltr'>stemma</span> <span class='ocrx_word' id='word_1_12' title='bbox 939 395 984 455; x_wconf 89' lang='lat' dir='ltr'>sit</span> <span class='ocrx_word' id='word_1_13' title='bbox 1004 395 1137 471; x_wconf 85' lang='lat' dir='ltr'>utititas,</span> <span class='ocrx_word' id='word_1_14' title='bbox 1151 400 1296 475; x_wconf 77' lang='lat' dir='ltr'>pronitas</span> 
     </span>
     <span class='ocr_line' id='line_1_4' title="bbox 45 478 1296 559; baseline 0.003 -19"><span class='ocrx_word' id='word_1_15' title='bbox 45 480 214 551; x_wconf 77' lang='lat' dir='ltr'>muaima5</span> <span class='ocrx_word' id='word_1_16' title='bbox 236 478 309 540; x_wconf 87' lang='lat' dir='ltr'>iicet</span> <span class='ocrx_word' id='word_1_17' title='bbox 330 479 399 556; x_wconf 84' lang='lat' dir='ltr'>ejus</span> <span class='ocrx_word' id='word_1_18' title='bbox 419 479 579 557; x_wconf 86' lang='lat' dir='ltr'>principio</span> <span class='ocrx_word' id='word_1_19' title='bbox 593 498 613 540; x_wconf 89' lang='lat' dir='ltr'>u</span> <span class='ocrx_word' id='word_1_20' title='bbox 628 481 752 541; x_wconf 85' lang='lat' dir='ltr'>ratione</span> <span class='ocrx_word' id='word_1_21' title='bbox 776 479 898 540; x_wconf 90' lang='lat' dir='ltr'>dictato</span> <span class='ocrx_word' id='word_1_22' title='bbox 919 483 1028 559; x_wconf 74' lang='lat' dir='ltr'>peneri</span> <span class='ocrx_word' id='word_1_23' title='bbox 1049 481 1185 543; x_wconf 88' lang='lat' dir='ltr'>damano</span> <span class='ocrx_word' id='word_1_24' title='bbox 1208 484 1296 544; x_wconf 88' lang='lat' dir='ltr'>auti-</span> 
     </span>
     <span class='ocr_line' id='line_1_5' title="bbox 47 564 1295 646; baseline 0.002 -19"><span class='ocrx_word' id='word_1_25' title='bbox 47 567 168 646; x_wconf 85' lang='lat' dir='ltr'>qsitote</span> <span class='ocrx_word' id='word_1_26' title='bbox 191 582 256 625; x_wconf 86' lang='lat' dir='ltr'>non</span> <span class='ocrx_word' id='word_1_27' title='bbox 278 564 409 625; x_wconf 89' lang='lat' dir='ltr'>cedunt:</span> <span class='ocrx_word' id='word_1_28' title='bbox 422 574 526 626; x_wconf 87' lang='lat' dir='ltr'>tomen</span> <span class='ocrx_word' id='word_1_29' title='bbox 547 566 662 644; x_wconf 73' lang='lat' dir='ltr'>eatque</span> <span class='ocrx_word' id='word_1_30' title='bbox 685 575 775 627; x_wconf 88' lang='lat' dir='ltr'>eraut</span> <span class='ocrx_word' id='word_1_31' title='bbox 797 566 866 642; x_wconf 86' lang='lat' dir='ltr'>ejus</span> <span class='ocrx_word' id='word_1_32' title='bbox 887 566 990 641; x_wconf 86' lang='lat' dir='ltr'>initio,</span> <span class='ocrx_word' id='word_1_33' title='bbox 1013 568 1086 639; x_wconf 79' lang='lat' dir='ltr'>ineo,</span> <span class='ocrx_word' id='word_1_34' title='bbox 1109 569 1140 629; x_wconf 92' lang='lat' dir='ltr'>si</span> <span class='ocrx_word' id='word_1_35' title='bbox 1160 566 1295 646; x_wconf 75' lang='lat' dir='ltr'>soranam</span> 
     </span>
     <span class='ocr_line' id='line_1_6' title="bbox 48 650 1295 731; baseline 0.002 -18"><span class='ocrx_word' id='word_1_36' title='bbox 48 653 118 730; x_wconf 78' lang='lat' dir='ltr'>ejus</span> <span class='ocrx_word' id='word_1_37' title='bbox 149 660 291 730; x_wconf 87' lang='lat' dir='ltr'>spectes,</span> <span class='ocrx_word' id='word_1_38' title='bbox 313 650 357 711; x_wconf 87' lang='lat' dir='ltr'>ud</span> <span class='ocrx_word' id='word_1_39' title='bbox 385 652 606 712; x_wconf 86' lang='lat' dir='ltr'>recentissima</span> <span class='ocrx_word' id='word_1_40' title='bbox 637 653 757 712; x_wconf 89' lang='lat' dir='ltr'>demum</span> <span class='ocrx_word' id='word_1_41' title='bbox 789 660 929 730; x_wconf 88' lang='lat' dir='ltr'>temporo</span> <span class='ocrx_word' id='word_1_42' title='bbox 947 653 1092 731; x_wconf 74' lang='lat' dir='ltr'><em>pertinet.</em></span> <span class='ocrx_word' id='word_1_43' title='bbox 1138 653 1295 726; x_wconf 84' lang='lat' dir='ltr'>Quemad-</span> 
     </span>
     <span class='ocr_line' id='line_1_7' title="bbox 49 735 1295 817; baseline 0.002 -18"><span class='ocrx_word' id='word_1_44' title='bbox 49 736 176 799; x_wconf 85' lang='lat' dir='ltr'><strong>modum</strong></span> <span class='ocrx_word' id='word_1_45' title='bbox 201 736 282 797; x_wconf 91' lang='lat' dir='ltr'>enim</span> <span class='ocrx_word' id='word_1_46' title='bbox 298 735 330 795; x_wconf 94' lang='lat' dir='ltr'>in</span> <span class='ocrx_word' id='word_1_47' title='bbox 352 735 419 797; x_wconf 88' lang='lat' dir='ltr'>aliis</span> <span class='ocrx_word' id='word_1_48' title='bbox 443 736 580 797; x_wconf 84' lang='lat' dir='ltr'><strong>scientiis</strong></span> <span class='ocrx_word' id='word_1_49' title='bbox 598 742 630 798; x_wconf 90' lang='lat' dir='ltr'>et</span> <span class='ocrx_word' id='word_1_50' title='bbox 646 737 761 798; x_wconf 89' lang='lat' dir='ltr'>artibus</span> <span class='ocrx_word' id='word_1_51' title='bbox 779 737 883 817; x_wconf 83' lang='lat' dir='ltr'><strong>praxis</strong></span> <span class='ocrx_word' id='word_1_52' title='bbox 907 736 1114 817; x_wconf 81' lang='lat' dir='ltr'>praecedebat</span> <span class='ocrx_word' id='word_1_53' title='bbox 1136 739 1295 817; x_wconf 85' lang='lat' dir='ltr'>theoriam,</span> 
     </span>
     <span class='ocr_line' id='line_1_8' title="bbox 50 820 1295 904; baseline 0.002 -20"><span class='ocrx_word' id='word_1_54' title='bbox 50 824 89 884; x_wconf 89' lang='lat' dir='ltr'>ita</span> <span class='ocrx_word' id='word_1_55' title='bbox 111 821 202 884; x_wconf 90' lang='lat' dir='ltr'>etin</span> <span class='ocrx_word' id='word_1_56' title='bbox 225 820 358 883; x_wconf 88' lang='lat' dir='ltr'>eeclesia</span> <span class='ocrx_word' id='word_1_57' title='bbox 382 821 547 884; x_wconf 87' lang='lat' dir='ltr'>christiana</span> <span class='ocrx_word' id='word_1_58' title='bbox 569 822 851 904; x_wconf 76' lang='lat' dir='ltr'>interpretationem</span> <span class='ocrx_word' id='word_1_59' title='bbox 875 839 916 884; x_wconf 91' lang='lat' dir='ltr'>ss.</span> <span class='ocrx_word' id='word_1_60' title='bbox 930 823 1076 885; x_wconf 90' lang='lat' dir='ltr'>librorum</span> <span class='ocrx_word' id='word_1_61' title='bbox 1093 825 1159 904; x_wconf 86' lang='lat' dir='ltr'>jam</span> <span class='ocrx_word' id='word_1_62' title='bbox 1182 825 1295 887; x_wconf 89' lang='lat' dir='ltr'>dudum</span> 
     </span>
     <span class='ocr_line' id='line_1_9' title="bbox 51 908 1294 991; baseline 0.002 -20"><span class='ocrx_word' id='word_1_63' title='bbox 51 910 278 989; x_wconf 78' lang='lat' dir='ltr'>frequentatam</span> <span class='ocrx_word' id='word_1_64' title='bbox 300 908 520 988; x_wconf 79' lang='lat' dir='ltr'>praeclareque</span> <span class='ocrx_word' id='word_1_65' title='bbox 544 908 653 971; x_wconf 88' lang='lat' dir='ltr'>cultam</span> <span class='ocrx_word' id='word_1_66' title='bbox 675 909 857 986; x_wconf 86' lang='lat' dir='ltr'>invenimus,</span> <span class='ocrx_word' id='word_1_67' title='bbox 887 915 1049 989; x_wconf 84' lang='lat' dir='ltr'>antequam</span> <span class='ocrx_word' id='word_1_68' title='bbox 1073 911 1141 991; x_wconf 93' lang='lat' dir='ltr'>quis</span> <span class='ocrx_word' id='word_1_69' title='bbox 1165 910 1203 973; x_wconf 94' lang='lat' dir='ltr'>de</span> <span class='ocrx_word' id='word_1_70' title='bbox 1226 918 1294 973; x_wconf 88' lang='lat' dir='ltr'>sta-</span> 
     </span>
     <span class='ocr_line' id='line_1_10' title="bbox 52 994 668 1076; baseline 0 -20"><span class='ocrx_word' id='word_1_71' title='bbox 52 994 176 1058; x_wconf 85' lang='lat' dir='ltr'>tuendis</span> <span class='ocrx_word' id='word_1_72' title='bbox 200 994 269 1074; x_wconf 89' lang='lat' dir='ltr'>ejus</span> <span class='ocrx_word' id='word_1_73' title='bbox 290 994 407 1075; x_wconf 83' lang='lat' dir='ltr'>regulis</span> <span class='ocrx_word' id='word_1_74' title='bbox 431 995 599 1076; x_wconf 82' lang='lat' dir='ltr'>cogitasset</span> <span class='ocrx_word' id='word_1_75' title='bbox 622 995 668 1071; x_wconf 67' lang='lat' dir='ltr'>t).</span> 
     </span>
    </p>

    <p class='ocr_par' dir='ltr' id='par_1_4' title="bbox 55 1078 1306 2882">
     <span class='ocr_line' id='line_1_11' title="bbox 136 1078 1295 1160; baseline 0.003 -19"><span class='ocrx_word' id='word_1_76' title='bbox 136 1078 249 1141; x_wconf 86' lang='lat' dir='ltr'>Prima</span> <span class='ocrx_word' id='word_1_77' title='bbox 282 1080 469 1159; x_wconf 84' lang='lat' dir='ltr'>disciptinae</span> <span class='ocrx_word' id='word_1_78' title='bbox 499 1089 629 1143; x_wconf 88' lang='lat' dir='ltr'>nostroe</span> <span class='ocrx_word' id='word_1_79' title='bbox 660 1081 794 1159; x_wconf 79' lang='lat' dir='ltr'>oestiqia</span> <span class='ocrx_word' id='word_1_80' title='bbox 826 1081 912 1160; x_wconf 89' lang='lat' dir='ltr'>opud</span> <span class='ocrx_word' id='word_1_81' title='bbox 930 1080 1071 1143; x_wconf 78' lang='lat' dir='ltr'>iudaeos</span> <span class='ocrx_word' id='word_1_82' title='bbox 1097 1084 1272 1145; x_wconf 79' lang='lat' dir='ltr'>invenimus</span> <span class='ocrx_word' id='word_1_83' title='bbox 1283 1103 1295 1155; x_wconf 87' lang='lat'><em>;</em></span> 
     </span>
     <span class='ocr_line' id='line_1_12' title="bbox 55 1164 1294 1248; baseline 0 -19"><span class='ocrx_word' id='word_1_84' title='bbox 55 1186 121 1229; x_wconf 87' lang='lat' dir='ltr'>nem</span> <span class='ocrx_word' id='word_1_85' title='bbox 142 1166 215 1228; x_wconf 92' lang='lat' dir='ltr'>libri</span> <span class='ocrx_word' id='word_1_86' title='bbox 236 1164 317 1248; x_wconf 82' lang='lat' dir='ltr'>legis</span> <span class='ocrx_word' id='word_1_87' title='bbox 340 1183 357 1227; x_wconf 88' lang='lat' dir='ltr'>a</span> <span class='ocrx_word' id='word_1_88' title='bbox 379 1166 488 1247; x_wconf 86' lang='lat' dir='ltr'>Moyse</span> <span class='ocrx_word' id='word_1_89' title='bbox 522 1166 669 1229; x_wconf 90' lang='lat' dir='ltr'>morituro</span> <span class='ocrx_word' id='word_1_90' title='bbox 703 1167 804 1228; x_wconf 90' lang='lat' dir='ltr'>traditi</span> <span class='ocrx_word' id='word_1_91' title='bbox 827 1173 914 1228; x_wconf 91' lang='lat' dir='ltr'>erant</span> <span class='ocrx_word' id='word_1_92' title='bbox 937 1167 1160 1245; x_wconf 89' lang='lat' dir='ltr'>sacerdotibus,</span> <span class='ocrx_word' id='word_1_93' title='bbox 1184 1175 1217 1229; x_wconf 90' lang='lat' dir='ltr'>ut</span> <span class='ocrx_word' id='word_1_94' title='bbox 1240 1186 1294 1229; x_wconf 92' lang='lat' dir='ltr'>eos</span> 
     </span>
     <span class='ocr_line' id='line_1_13' title="bbox 57 1252 1295 1335; baseline 0.001 -21"><span class='ocrx_word' id='word_1_95' title='bbox 57 1271 115 1315; x_wconf 90' lang='lat' dir='ltr'>non</span> <span class='ocrx_word' id='word_1_96' title='bbox 136 1259 257 1314; x_wconf 89' lang='lat' dir='ltr'>tantum</span> <span class='ocrx_word' id='word_1_97' title='bbox 280 1259 489 1329; x_wconf 83' lang='lat' dir='ltr'>asservarent,</span> <span class='ocrx_word' id='word_1_98' title='bbox 514 1253 570 1313; x_wconf 90' lang='lat' dir='ltr'>scd</span> <span class='ocrx_word' id='word_1_99' title='bbox 594 1255 685 1314; x_wconf 91' lang='lat' dir='ltr'>etiam</span> <span class='ocrx_word' id='word_1_100' title='bbox 708 1252 838 1331; x_wconf 73' lang='lat' dir='ltr'>singulis</span> <span class='ocrx_word' id='word_1_101' title='bbox 863 1253 1032 1332; x_wconf 82' lang='lat' dir='ltr'>septenniis</span> <span class='ocrx_word' id='word_1_102' title='bbox 1055 1255 1168 1335; x_wconf 91' lang='lat' dir='ltr'>populo</span> <span class='ocrx_word' id='word_1_103' title='bbox 1200 1272 1295 1335; x_wconf 91' lang='lat' dir='ltr'>prae-</span> 
     </span>
     <span class='ocr_line' id='line_1_14' title="bbox 58 1337 1296 1422; baseline 0 -22"><span class='ocrx_word' id='word_1_104' title='bbox 58 1337 526 1422; x_wconf 75' lang='lat' dir='ltr'>legerenttlieut.3i,9-13).</span> <span class='ocrx_word' id='word_1_105' title='bbox 549 1337 623 1403; x_wconf 79' lang='lat' dir='ltr'>Viva</span> <span class='ocrx_word' id='word_1_106' title='bbox 648 1340 751 1421; x_wconf 81' lang='lat' dir='ltr'>lingua</span> <span class='ocrx_word' id='word_1_107' title='bbox 773 1339 916 1400; x_wconf 78' lang='lat' dir='ltr'>hebraica</span> <span class='ocrx_word' id='word_1_108' title='bbox 941 1340 1109 1420; x_wconf 87' lang='lat' dir='ltr'>perieulum</span> <span class='ocrx_word' id='word_1_109' title='bbox 1132 1340 1296 1402; x_wconf 92' lang='lat' dir='ltr'>aberrandi</span> 
     </span>
     <span class='ocr_line' id='line_1_15' title="bbox 56 1424 1296 1506; baseline 0 -19"><span class='ocrx_word' id='word_1_110' title='bbox 56 1442 192 1491; x_wconf 83' lang='lat' dir='ltr'>asensu</span> <span class='ocrx_word' id='word_1_111' title='bbox 214 1424 294 1506; x_wconf 81' lang='lat' dir='ltr'>legis</span> <span class='ocrx_word' id='word_1_112' title='bbox 316 1441 379 1487; x_wconf 95' lang='lat' dir='ltr'>non</span> <span class='ocrx_word' id='word_1_113' title='bbox 410 1424 489 1486; x_wconf 91' lang='lat' dir='ltr'>adeo</span> <span class='ocrx_word' id='word_1_114' title='bbox 523 1425 723 1506; x_wconf 90' lang='lat' dir='ltr'>propinquum</span> <span class='ocrx_word' id='word_1_115' title='bbox 747 1432 821 1502; x_wconf 90' lang='lat' dir='ltr'>erat,</span> <span class='ocrx_word' id='word_1_116' title='bbox 853 1427 1018 1504; x_wconf 87' lang='lat' dir='ltr'>praecipue</span> <span class='ocrx_word' id='word_1_117' title='bbox 1048 1427 1191 1506; x_wconf 91' lang='lat' dir='ltr'>quoniam</span> <span class='ocrx_word' id='word_1_118' title='bbox 1213 1426 1296 1488; x_wconf 86' lang='lat' dir='ltr'>Deus</span> 
     </span>
     <span class='ocr_line' id='line_1_16' title="bbox 56 1510 1297 1593; baseline -0.002 -19"><span class='ocrx_word' id='word_1_119' title='bbox 56 1510 216 1574; x_wconf 90' lang='lat' dir='ltr'>suscitavit</span> <span class='ocrx_word' id='word_1_120' title='bbox 245 1510 428 1591; x_wconf 91' lang='lat' dir='ltr'>prophetas,</span> <span class='ocrx_word' id='word_1_121' title='bbox 460 1511 511 1590; x_wconf 93' lang='lat' dir='ltr'>qui</span> <span class='ocrx_word' id='word_1_122' title='bbox 534 1511 612 1593; x_wconf 79' lang='lat' dir='ltr'>legis</span> <span class='ocrx_word' id='word_1_123' title='bbox 642 1511 883 1592; x_wconf 86' lang='lat' dir='ltr'>interpretationi</span> <span class='ocrx_word' id='word_1_124' title='bbox 906 1518 1011 1573; x_wconf 87' lang='lat' dir='ltr'>rectae</span> <span class='ocrx_word' id='word_1_125' title='bbox 1035 1520 1066 1574; x_wconf 90' lang='lat' dir='ltr'>et</span> <span class='ocrx_word' id='word_1_126' title='bbox 1089 1512 1297 1574; x_wconf 88' lang='lat' dir='ltr'>observationi</span> 
     </span>
     <span class='ocr_line' id='line_1_17' title="bbox 56 1596 1296 1679; baseline 0.001 -21"><span class='ocrx_word' id='word_1_127' title='bbox 56 1596 273 1679; x_wconf 77' lang='lat' dir='ltr'>invigilabant3</span> <span class='ocrx_word' id='word_1_128' title='bbox 296 1615 364 1658; x_wconf 91' lang='lat' dir='ltr'>cum</span> <span class='ocrx_word' id='word_1_129' title='bbox 388 1604 488 1658; x_wconf 91' lang='lat' dir='ltr'>autem</span> <span class='ocrx_word' id='word_1_130' title='bbox 512 1603 650 1676; x_wconf 89' lang='lat' dir='ltr'>temporo</span> <span class='ocrx_word' id='word_1_131' title='bbox 674 1597 756 1659; x_wconf 86' lang='lat' dir='ltr'>exilii</span> <span class='ocrx_word' id='word_1_132' title='bbox 779 1597 882 1678; x_wconf 81' lang='lat' dir='ltr'>lingua</span> <span class='ocrx_word' id='word_1_133' title='bbox 905 1596 1049 1658; x_wconf 90' lang='lat' dir='ltr'>hebraica</span> <span class='ocrx_word' id='word_1_134' title='bbox 1071 1598 1173 1660; x_wconf 91' lang='lat' dir='ltr'>locum</span> <span class='ocrx_word' id='word_1_135' title='bbox 1197 1597 1296 1659; x_wconf 90' lang='lat' dir='ltr'>cede·</span> 
     </span>
     <span class='ocr_line' id='line_1_18' title="bbox 55 1682 1297 1762; baseline -0.001 -16"><span class='ocrx_word' id='word_1_136' title='bbox 55 1691 99 1747; x_wconf 92' lang='lat' dir='ltr'>ret</span> <span class='ocrx_word' id='word_1_137' title='bbox 122 1683 309 1761; x_wconf 77' lang='lat' dir='ltr'>mammeae,</span> <span class='ocrx_word' id='word_1_138' title='bbox 333 1700 412 1762; x_wconf 91' lang='lat' dir='ltr'>quae</span> <span class='ocrx_word' id='word_1_139' title='bbox 435 1689 467 1745; x_wconf 89' lang='lat' dir='ltr'>et</span> <span class='ocrx_word' id='word_1_140' title='bbox 490 1701 507 1745; x_wconf 92' lang='lat' dir='ltr'>a</span> <span class='ocrx_word' id='word_1_141' title='bbox 530 1682 694 1745; x_wconf 92' lang='lat' dir='ltr'>reducibus</span> <span class='ocrx_word' id='word_1_142' title='bbox 716 1684 747 1747; x_wconf 90' lang='lat' dir='ltr'>in</span> <span class='ocrx_word' id='word_1_143' title='bbox 765 1684 964 1745; x_wconf 87' lang='lat' dir='ltr'>Palaestinam</span> <span class='ocrx_word' id='word_1_144' title='bbox 977 1683 1103 1745; x_wconf 84' lang='lat' dir='ltr'>iudaeis</span> <span class='ocrx_word' id='word_1_145' title='bbox 1127 1683 1297 1746; x_wconf 87' lang='lat' dir='ltr'>adhibeba-</span> 
     </span>
     <span class='ocr_line' id='line_1_19' title="bbox 57 1767 1297 1851; baseline 0 -19"><span class='ocrx_word' id='word_1_146' title='bbox 57 1777 101 1832; x_wconf 89' lang='lat' dir='ltr'>tur</span> <span class='ocrx_word' id='word_1_147' title='bbox 121 1769 311 1831; x_wconf 88' lang='lat' dir='ltr'>vernacuia:</span> <span class='ocrx_word' id='word_1_148' title='bbox 328 1767 453 1830; x_wconf 90' lang='lat' dir='ltr'>lectioni</span> <span class='ocrx_word' id='word_1_149' title='bbox 475 1769 553 1850; x_wconf 83' lang='lat' dir='ltr'>legis</span> <span class='ocrx_word' id='word_1_150' title='bbox 577 1770 701 1851; x_wconf 79' lang='lat' dir='ltr'>adjungi</span> <span class='ocrx_word' id='word_1_151' title='bbox 724 1769 856 1831; x_wconf 91' lang='lat' dir='ltr'>debebat</span> <span class='ocrx_word' id='word_1_152' title='bbox 879 1771 1098 1851; x_wconf 88' lang='lat' dir='ltr'>interpretatio,</span> <span class='ocrx_word' id='word_1_153' title='bbox 1110 1771 1129 1831; x_wconf 92' lang='lat' dir='ltr'>i.</span> <span class='ocrx_word' id='word_1_154' title='bbox 1143 1790 1170 1832; x_wconf 90' lang='lat' dir='ltr'>e.</span> <span class='ocrx_word' id='word_1_155' title='bbox 1194 1777 1297 1832; x_wconf 89' lang='lat' dir='ltr'>trans·</span> 
     </span>
     <span class='ocr_line' id='line_1_20' title="bbox 56 1855 1298 1937; baseline -0.001 -20"><span class='ocrx_word' id='word_1_156' title='bbox 56 1857 126 1919; x_wconf 88' lang='lat' dir='ltr'>latio</span> <span class='ocrx_word' id='word_1_157' title='bbox 151 1856 183 1917; x_wconf 92' lang='lat' dir='ltr'>in</span> <span class='ocrx_word' id='word_1_158' title='bbox 217 1871 391 1917; x_wconf 90' lang='lat' dir='ltr'>sermonem</span> <span class='ocrx_word' id='word_1_159' title='bbox 421 1855 581 1937; x_wconf 79' lang='lat' dir='ltr'>vulgarem</span> <span class='ocrx_word' id='word_1_160' title='bbox 605 1856 747 1931; x_wconf 90' lang='lat' dir='ltr'>(Nehem.</span> <span class='ocrx_word' id='word_1_161' title='bbox 771 1874 798 1917; x_wconf 94' lang='lat' dir='ltr'>c.</span> <span class='ocrx_word' id='word_1_162' title='bbox 822 1856 868 1931; x_wconf 77' lang='lat'>8).</span> <span class='ocrx_word' id='word_1_163' title='bbox 912 1855 959 1917; x_wconf 86' lang='lat' dir='ltr'>Ab</span> <span class='ocrx_word' id='word_1_164' title='bbox 983 1856 1043 1918; x_wconf 92' lang='lat' dir='ltr'>boc</span> <span class='ocrx_word' id='word_1_165' title='bbox 1065 1855 1136 1918; x_wconf 91' lang='lat' dir='ltr'>inde</span> <span class='ocrx_word' id='word_1_166' title='bbox 1160 1862 1298 1937; x_wconf 90' lang='lat' dir='ltr'>tempora</span> 
     </span>
     <span class='ocr_line' id='line_1_21' title="bbox 59 1940 1299 2024; baseline -0.002 -18"><span class='ocrx_word' id='word_1_167' title='bbox 59 1942 168 2006; x_wconf 89' lang='lat' dir='ltr'>eruditi</span> <span class='ocrx_word' id='word_1_168' title='bbox 191 1940 274 2005; x_wconf 90' lang='lat' dir='ltr'>inter</span> <span class='ocrx_word' id='word_1_169' title='bbox 282 1940 418 2003; x_wconf 85' lang='lat' dir='ltr'>iudaeos</span> <span class='ocrx_word' id='word_1_170' title='bbox 441 1941 521 2024; x_wconf 78' lang='lat' dir='ltr'>legis</span> <span class='ocrx_word' id='word_1_171' title='bbox 543 1940 644 2004; x_wconf 91' lang='lat' dir='ltr'>studio</span> <span class='ocrx_word' id='word_1_172' title='bbox 667 1949 699 2004; x_wconf 89' lang='lat' dir='ltr'>et</span> <span class='ocrx_word' id='word_1_173' title='bbox 721 1942 962 2023; x_wconf 88' lang='lat' dir='ltr'>interpretationi</span> <span class='ocrx_word' id='word_1_174' title='bbox 985 1960 1110 2024; x_wconf 88' lang='lat' dir='ltr'>operam</span> <span class='ocrx_word' id='word_1_175' title='bbox 1132 1949 1299 2018; x_wconf 82' lang='lat' dir='ltr'>naverunt3</span> 
     </span>
     <span class='ocr_line' id='line_1_22' title="bbox 60 2026 1300 2104; baseline -0.004 -13"><span class='ocrx_word' id='word_1_176' title='bbox 60 2029 170 2091; x_wconf 77' lang='lat' dir='ltr'>etenum</span> <span class='ocrx_word' id='word_1_177' title='bbox 200 2026 235 2089; x_wconf 90' lang='lat'>11.</span> <span class='ocrx_word' id='word_1_178' title='bbox 262 2026 419 2089; x_wconf 82' lang='lat' dir='ltr'>biacchab.</span> <span class='ocrx_word' id='word_1_179' title='bbox 447 2026 477 2103; x_wconf 89' lang='lat'>6,</span> <span class='ocrx_word' id='word_1_180' title='bbox 509 2026 558 2089; x_wconf 89' lang='grc'>18.</span> <span class='ocrx_word' id='word_1_181' title='bbox 588 2027 700 2090; x_wconf 89' lang='lat' dir='ltr'>dicitur</span> <span class='ocrx_word' id='word_1_182' title='bbox 731 2027 896 2090; x_wconf 83' lang='lat' dir='ltr'>Eleazarus</span> <span class='ocrx_word' id='word_1_183' title='bbox 926 2029 971 2096; x_wconf 70' lang='lat' dir='ltr'>eie</span> <span class='ocrx_word' id='word_1_184' title='bbox 1001 2032 1061 2087; x_wconf 78' lang='grc' dir='ltr'>τῶν</span> <span class='ocrx_word' id='word_1_185' title='bbox 1089 2026 1300 2104; x_wconf 72' lang='grc' dir='ltr'><strong><em>πρωτευόντων</em></strong></span> 
     </span>
     <span class='ocr_line' id='line_1_23' title="bbox 60 2111 1300 2195; baseline 0.002 -23"><span class='ocrx_word' id='word_1_186' title='bbox 60 2114 266 2195; x_wconf 69' lang='grc' dir='ltr'>γραμματέων,</span> <span class='ocrx_word' id='word_1_187' title='bbox 288 2120 320 2175; x_wconf 90' lang='lat' dir='ltr'>et</span> <span class='ocrx_word' id='word_1_188' title='bbox 342 2120 442 2175; x_wconf 89' lang='lat' dir='ltr'>aetate</span> <span class='ocrx_word' id='word_1_189' title='bbox 455 2111 565 2175; x_wconf 88' lang='lat' dir='ltr'>Christi</span> <span class='ocrx_word' id='word_1_190' title='bbox 585 2113 863 2194; x_wconf 82' lang='lat' dir='ltr'>Apostolorunvque</span> <span class='ocrx_word' id='word_1_191' title='bbox 886 2112 1136 2193; x_wconf 86' lang='lat' dir='ltr'>frequentissime</span> <span class='ocrx_word' id='word_1_192' title='bbox 1160 2132 1300 2176; x_wconf 93' lang='lat' dir='ltr'>comme-</span> 
     </span>
     <span class='ocr_line' id='line_1_24' title="bbox 59 2191 1300 2281; baseline -0.003 -18"><span class='ocrx_word' id='word_1_193' title='bbox 59 2206 218 2264; x_wconf 79' lang='lat' dir='ltr'>tnot&#39;unittr</span> <span class='ocrx_word' id='word_1_194' title='bbox 238 2211 429 2276; x_wconf 76' lang='grc' dir='ltr'><em>γραμματεῖς,</em></span> <span class='ocrx_word' id='word_1_195' title='bbox 451 2201 575 2277; x_wconf 76' lang='lat' dir='ltr'>rapsaci,</span> <span class='ocrx_word' id='word_1_196' title='bbox 598 2191 854 2278; x_wconf 73' lang='grc' dir='ltr'><strong><em>νομοδιδάσκαλοι</em></strong></span> <span class='ocrx_word' id='word_1_197' title='bbox 877 2206 954 2274; x_wconf 86' lang='lat' dir='ltr'>etc.;</span> <span class='ocrx_word' id='word_1_198' title='bbox 986 2217 1078 2280; x_wconf 87' lang='lat' dir='ltr'>porro</span> <span class='ocrx_word' id='word_1_199' title='bbox 1101 2199 1300 2281; x_wconf 81' lang='lat' dir='ltr'>praelectioni</span> 
     </span>
     <span class='ocr_line' id='line_1_25' title="bbox 60 2283 1301 2369; baseline -0.002 -20"><span class='ocrx_word' id='word_1_200' title='bbox 60 2288 275 2369; x_wconf 88' lang='lat' dir='ltr'>pericoparum</span> <span class='ocrx_word' id='word_1_201' title='bbox 296 2283 376 2365; x_wconf 83' lang='lat' dir='ltr'>legis</span> <span class='ocrx_word' id='word_1_202' title='bbox 399 2291 430 2346; x_wconf 93' lang='lat' dir='ltr'>et</span> <span class='ocrx_word' id='word_1_203' title='bbox 452 2284 667 2366; x_wconf 88' lang='lat' dir='ltr'>prophetarum</span> <span class='ocrx_word' id='word_1_204' title='bbox 681 2287 712 2347; x_wconf 94' lang='lat' dir='ltr'>in</span> <span class='ocrx_word' id='word_1_205' title='bbox 734 2285 902 2367; x_wconf 78' lang='lat' dir='ltr'>synagogis</span> <span class='ocrx_word' id='word_1_206' title='bbox 927 2285 1150 2367; x_wconf 81' lang='lat' dir='ltr'>adjungebatur</span> <span class='ocrx_word' id='word_1_207' title='bbox 1172 2285 1301 2367; x_wconf 86' lang='lat' dir='ltr'>exposi-</span> 
     </span>
     <span class='ocr_line' id='line_1_26' title="bbox 62 2370 1300 2452; baseline -0.002 -17"><span class='ocrx_word' id='word_1_208' title='bbox 62 2375 96 2435; x_wconf 91' lang='lat' dir='ltr'>tio</span> <span class='ocrx_word' id='word_1_209' title='bbox 122 2372 218 2449; x_wconf 85' lang='lat' dir='ltr'>(Luc.</span> <span class='ocrx_word' id='word_1_210' title='bbox 233 2370 266 2448; x_wconf 81' lang='lat'>4,</span> <span class='ocrx_word' id='word_1_211' title='bbox 291 2370 341 2433; x_wconf 91' lang='grc'>16.</span> <span class='ocrx_word' id='word_1_212' title='bbox 364 2389 450 2452; x_wconf 90' lang='lat' dir='ltr'>seqq.</span> <span class='ocrx_word' id='word_1_213' title='bbox 473 2370 542 2435; x_wconf 82' lang='lat' dir='ltr'>Act.</span> <span class='ocrx_word' id='word_1_214' title='bbox 570 2371 619 2449; x_wconf 84' lang='grc'>13,</span> <span class='ocrx_word' id='word_1_215' title='bbox 644 2371 709 2447; x_wconf 89' lang='grc'><strong>15).</strong></span> <span class='ocrx_word' id='word_1_216' title='bbox 731 2371 791 2433; x_wconf 86' lang='lat' dir='ltr'>Ast</span> <span class='ocrx_word' id='word_1_217' title='bbox 812 2373 1041 2452; x_wconf 87' lang='lat' dir='ltr'>interpretandi</span> <span class='ocrx_word' id='word_1_218' title='bbox 1063 2372 1300 2434; x_wconf 81' lang='lat' dir='ltr'>rutiodudaeo-</span> 
     </span>
     <span class='ocr_line' id='line_1_27' title="bbox 63 2459 1303 2538; baseline -0.003 -16"><span class='ocrx_word' id='word_1_219' title='bbox 63 2480 125 2522; x_wconf 84' lang='lat' dir='ltr'>rum</span> <span class='ocrx_word' id='word_1_220' title='bbox 149 2477 219 2521; x_wconf 90' lang='lat' dir='ltr'>non</span> <span class='ocrx_word' id='word_1_221' title='bbox 241 2467 360 2519; x_wconf 88' lang='lat' dir='ltr'>tuntum</span> <span class='ocrx_word' id='word_1_222' title='bbox 378 2476 439 2537; x_wconf 86' lang='lat' dir='ltr'>pro</span> <span class='ocrx_word' id='word_1_223' title='bbox 461 2460 614 2519; x_wconf 71' lang='lat' dir='ltr'>aametate</span> <span class='ocrx_word' id='word_1_224' title='bbox 637 2461 799 2538; x_wconf 78' lang='lat' dir='ltr'>reqionum</span> <span class='ocrx_word' id='word_1_225' title='bbox 822 2459 950 2519; x_wconf 84' lang='lat' dir='ltr'>diuersa</span> <span class='ocrx_word' id='word_1_226' title='bbox 972 2468 1051 2536; x_wconf 89' lang='lat' dir='ltr'>erat,</span> <span class='ocrx_word' id='word_1_227' title='bbox 1074 2460 1246 2520; x_wconf 88' lang='lat' dir='ltr'>sedetiam</span> <span class='ocrx_word' id='word_1_228' title='bbox 1269 2461 1303 2519; x_wconf 88' lang='lat' dir='ltr'>in</span> 
     </span>
     <span class='ocr_line' id='line_1_28' title="bbox 63 2544 1303 2627; baseline -0.001 -20"><span class='ocrx_word' id='word_1_229' title='bbox 63 2565 172 2627; x_wconf 70' lang='lat' dir='ltr'>uenere</span> <span class='ocrx_word' id='word_1_230' title='bbox 193 2561 348 2623; x_wconf 84' lang='lat' dir='ltr'>peruersa</span> <span class='ocrx_word' id='word_1_231' title='bbox 357 2564 372 2617; x_wconf 88' lang='lat'>,·</span> <span class='ocrx_word' id='word_1_232' title='bbox 400 2562 473 2605; x_wconf 79' lang='lat' dir='ltr'>narn</span> <span class='ocrx_word' id='word_1_233' title='bbox 503 2547 622 2623; x_wconf 87' lang='lat' dir='ltr'>partim</span> <span class='ocrx_word' id='word_1_234' title='bbox 645 2545 737 2607; x_wconf 84' lang='lat' dir='ltr'>iiterd</span> <span class='ocrx_word' id='word_1_235' title='bbox 756 2544 852 2622; x_wconf 87' lang='lat' dir='ltr'>plane</span> <span class='ocrx_word' id='word_1_236' title='bbox 874 2545 1016 2623; x_wconf 79' lang='lat' dir='ltr'>neqlectd</span> <span class='ocrx_word' id='word_1_237' title='bbox 1039 2545 1220 2624; x_wconf 77' lang='lat' dir='ltr'>alleporicis</span> <span class='ocrx_word' id='word_1_238' title='bbox 1243 2564 1303 2606; x_wconf 82' lang='lat' dir='ltr'>eu-</span> 
     </span>
     <span class='ocr_line' id='line_1_29' title="bbox 63 2629 1303 2711; baseline -0.003 -17"><span class='ocrx_word' id='word_1_239' title='bbox 63 2632 273 2711; x_wconf 82' lang='lat' dir='ltr'>positionibus</span> <span class='ocrx_word' id='word_1_240' title='bbox 296 2629 506 2709; x_wconf 79' lang='lat' dir='ltr'>induiqebont,</span> <span class='ocrx_word' id='word_1_241' title='bbox 529 2638 564 2691; x_wconf 90' lang='lat' dir='ltr'>ut</span> <span class='ocrx_word' id='word_1_242' title='bbox 586 2631 675 2693; x_wconf 84' lang='lat' dir='ltr'>Pbiio</span> <span class='ocrx_word' id='word_1_243' title='bbox 690 2630 779 2692; x_wconf 81' lang='lat' dir='ltr'>Alea.</span> <span class='ocrx_word' id='word_1_244' title='bbox 801 2630 901 2707; x_wconf 89' lang='lat' dir='ltr'>docet,</span> <span class='ocrx_word' id='word_1_245' title='bbox 921 2632 1040 2708; x_wconf 86' lang='lat' dir='ltr'>partim</span> <span class='ocrx_word' id='word_1_246' title='bbox 1063 2632 1175 2692; x_wconf 87' lang='lat' dir='ltr'>literae</span> <span class='ocrx_word' id='word_1_247' title='bbox 1197 2632 1303 2693; x_wconf 87' lang='lat' dir='ltr'>seroi-</span> 
     </span>
     <span class='ocr_line' id='line_1_30' title="bbox 64 2715 1306 2796; baseline -0.002 -18"><span class='ocrx_word' id='word_1_248' title='bbox 64 2719 131 2780; x_wconf 87' lang='lat' dir='ltr'>iiter</span> <span class='ocrx_word' id='word_1_249' title='bbox 164 2716 366 2778; x_wconf 73' lang='lat' dir='ltr'>inhaerentes</span> <span class='ocrx_word' id='word_1_250' title='bbox 398 2718 544 2796; x_wconf 85' lang='lat' dir='ltr'>spiritum</span> <span class='ocrx_word' id='word_1_251' title='bbox 573 2715 787 2796; x_wconf 80' lang='lat' dir='ltr'>neptiqebuat,</span> <span class='ocrx_word' id='word_1_252' title='bbox 810 2724 841 2776; x_wconf 91' lang='lat' dir='ltr'>et</span> <span class='ocrx_word' id='word_1_253' title='bbox 862 2735 988 2778; x_wconf 88' lang='lat' dir='ltr'>sensum</span> <span class='ocrx_word' id='word_1_254' title='bbox 1009 2736 1035 2779; x_wconf 94' lang='lat' dir='ltr'>s.</span> <span class='ocrx_word' id='word_1_255' title='bbox 1058 2717 1239 2796; x_wconf 83' lang='lat' dir='ltr'>Scripturas</span> <span class='ocrx_word' id='word_1_256' title='bbox 1262 2715 1306 2776; x_wconf 88' lang='lat' dir='ltr'>ad</span> 
     </span>
     <span class='ocr_line' id='line_1_31' title="bbox 65 2802 1303 2882; baseline -0.004 -16"><span class='ocrx_word' id='word_1_257' title='bbox 65 2804 218 2866; x_wconf 81' lang='lat' dir='ltr'>bemanus</span> <span class='ocrx_word' id='word_1_258' title='bbox 231 2802 418 2863; x_wconf 80' lang='lat' dir='ltr'>traditiones</span> <span class='ocrx_word' id='word_1_259' title='bbox 434 2821 512 2863; x_wconf 80' lang='lat' dir='ltr'>sues</span> <span class='ocrx_word' id='word_1_260' title='bbox 526 2802 783 2882; x_wconf 87' lang='lat' dir='ltr'>contorquebant,</span> <span class='ocrx_word' id='word_1_261' title='bbox 795 2810 830 2863; x_wconf 90' lang='lat' dir='ltr'>ut</span> <span class='ocrx_word' id='word_1_262' title='bbox 845 2821 885 2863; x_wconf 82' lang='lat' dir='ltr'>eu</span> <span class='ocrx_word' id='word_1_263' title='bbox 895 2802 1076 2882; x_wconf 78' lang='lat' dir='ltr'>annpeiiis</span> <span class='ocrx_word' id='word_1_264' title='bbox 1093 2803 1303 2881; x_wconf 79' lang='lat' dir='ltr'>inteiiiqimus.</span> 
     </span>
    </p>

    <p class='ocr_par' dir='ltr' id='par_1_5' title="bbox 65 2886 1309 3743">
     <span class='ocr_line' id='line_1_32' title="bbox 147 2886 1306 2968; baseline -0.003 -19"><span class='ocrx_word' id='word_1_265' title='bbox 147 2887 335 2967; x_wconf 69' lang='lat' dir='ltr'>Christiani,</span> <span class='ocrx_word' id='word_1_266' title='bbox 357 2905 379 2949; x_wconf 92' lang='grc' dir='ltr'><strong><em>ο</em></strong></span> <span class='ocrx_word' id='word_1_267' title='bbox 399 2886 533 2949; x_wconf 86' lang='lat' dir='ltr'>Domino</span> <span class='ocrx_word' id='word_1_268' title='bbox 567 2890 637 2967; x_wconf 88' lang='lat' dir='ltr'>ipso</span> <span class='ocrx_word' id='word_1_269' title='bbox 668 2897 698 2950; x_wconf 93' lang='lat' dir='ltr'>et</span> <span class='ocrx_word' id='word_1_270' title='bbox 718 2886 883 2966; x_wconf 86' lang='lat' dir='ltr'>Apostoiis</span> <span class='ocrx_word' id='word_1_271' title='bbox 916 2889 994 2968; x_wconf 76' lang='lat' dir='ltr'>lepis</span> <span class='ocrx_word' id='word_1_272' title='bbox 1024 2898 1054 2951; x_wconf 93' lang='lat' dir='ltr'>et</span> <span class='ocrx_word' id='word_1_273' title='bbox 1080 2889 1306 2968; x_wconf 76' lang='lat' dir='ltr'>prophetorum</span> 
     </span>
     <span class='ocr_line' id='line_1_33' title="bbox 66 2973 1305 3051; baseline -0.003 -14"><span class='ocrx_word' id='word_1_274' title='bbox 66 2976 303 3049; x_wconf 90' lang='lat' dir='ltr'>auctoritatem,</span> <span class='ocrx_word' id='word_1_275' title='bbox 333 2983 533 3051; x_wconf 86' lang='lat' dir='ltr'>momentum,</span> <span class='ocrx_word' id='word_1_276' title='bbox 570 2993 698 3036; x_wconf 87' lang='lat' dir='ltr'>sensum</span> <span class='ocrx_word' id='word_1_277' title='bbox 719 2982 750 3035; x_wconf 93' lang='lat' dir='ltr'>et</span> <span class='ocrx_word' id='word_1_278' title='bbox 771 2992 862 3035; x_wconf 88' lang='lat' dir='ltr'>usum</span> <span class='ocrx_word' id='word_1_279' title='bbox 884 2975 1005 3049; x_wconf 89' lang='lat' dir='ltr'>edocti,</span> <span class='ocrx_word' id='word_1_280' title='bbox 1039 2976 1073 3036; x_wconf 88' lang='lat' dir='ltr'>in</span> <span class='ocrx_word' id='word_1_281' title='bbox 1103 2973 1305 3036; x_wconf 79' lang='lat' dir='ltr'>concentibus</span> 
     </span>
     <span class='ocr_line' id='line_1_34' title="bbox 66 3056 1306 3139; baseline -0.002 -16"><span class='ocrx_word' id='word_1_282' title='bbox 66 3065 129 3123; x_wconf 87' lang='lat' dir='ltr'>suis</span> <span class='ocrx_word' id='word_1_283' title='bbox 152 3060 316 3139; x_wconf 79' lang='lat' dir='ltr'>reiiqiosis</span> <span class='ocrx_word' id='word_1_284' title='bbox 337 3078 380 3121; x_wconf 85' lang='lat' dir='ltr'>ss.</span> <span class='ocrx_word' id='word_1_285' title='bbox 404 3059 555 3121; x_wconf 85' lang='lat' dir='ltr'>librorum</span> <span class='ocrx_word' id='word_1_286' title='bbox 581 3060 613 3121; x_wconf 88' lang='lat' dir='ltr'>V.</span> <span class='ocrx_word' id='word_1_287' title='bbox 636 3060 680 3137; x_wconf 77' lang='lat' dir='ltr'>i&#39;,</span> <span class='ocrx_word' id='word_1_288' title='bbox 703 3069 825 3122; x_wconf 91' lang='lat' dir='ltr'>etcum</span> <span class='ocrx_word' id='word_1_289' title='bbox 847 3063 969 3139; x_wconf 87' lang='lat' dir='ltr'>scripta</span> <span class='ocrx_word' id='word_1_290' title='bbox 989 3060 1027 3121; x_wconf 90' lang='lat' dir='ltr'>N.</span> <span class='ocrx_word' id='word_1_291' title='bbox 1043 3056 1077 3121; x_wconf 79' lang='lat' dir='ltr'>F.</span> <span class='ocrx_word' id='word_1_292' title='bbox 1101 3060 1186 3120; x_wconf 89' lang='lat' dir='ltr'>edita</span> <span class='ocrx_word' id='word_1_293' title='bbox 1208 3063 1306 3121; x_wconf 90' lang='lat' dir='ltr'>iuno-</span> 
     </span>
     <span class='ocr_line' id='line_1_35' title="bbox 67 3144 1305 3226; baseline -0.002 -18"><span class='ocrx_word' id='word_1_294' title='bbox 67 3151 217 3222; x_wconf 79' lang='lat' dir='ltr'>tuissent,</span> <span class='ocrx_word' id='word_1_295' title='bbox 253 3145 362 3206; x_wconf 75' lang='lat' dir='ltr'>ieorum</span> <span class='ocrx_word' id='word_1_296' title='bbox 391 3163 512 3226; x_wconf 90' lang='lat' dir='ltr'>quoque</span> <span class='ocrx_word' id='word_1_297' title='bbox 546 3147 709 3208; x_wconf 67' lang='lat' dir='ltr'>teotonem</span> <span class='ocrx_word' id='word_1_298' title='bbox 742 3154 772 3206; x_wconf 94' lang='lat' dir='ltr'>et</span> <span class='ocrx_word' id='word_1_299' title='bbox 798 3149 1024 3225; x_wconf 69' lang='lat' dir='ltr'>expositionem</span> <span class='ocrx_word' id='word_1_300' title='bbox 1056 3144 1305 3225; x_wconf 79' lang='lat' dir='ltr'>frequentabant.</span> 
     </span>
     <span class='ocr_line' id='line_1_36' title="bbox 67 3230 1306 3311; baseline -0.002 -17"><span class='ocrx_word' id='word_1_301' title='bbox 67 3232 237 3295; x_wconf 74' lang='lat' dir='ltr'>doctrinae</span> <span class='ocrx_word' id='word_1_302' title='bbox 259 3230 454 3293; x_wconf 75' lang='lat' dir='ltr'>christianae</span> <span class='ocrx_word' id='word_1_303' title='bbox 475 3251 627 3294; x_wconf 79' lang='lat' dir='ltr'>sumntum</span> <span class='ocrx_word' id='word_1_304' title='bbox 649 3242 796 3294; x_wconf 89' lang='lat' dir='ltr'>oretenus</span> <span class='ocrx_word' id='word_1_305' title='bbox 818 3234 967 3294; x_wconf 88' lang='lat' dir='ltr'>traditam</span> <span class='ocrx_word' id='word_1_306' title='bbox 981 3241 1011 3293; x_wconf 92' lang='lat' dir='ltr'>et</span> <span class='ocrx_word' id='word_1_307' title='bbox 1023 3232 1057 3293; x_wconf 87' lang='lat' dir='ltr'>in</span> <span class='ocrx_word' id='word_1_308' title='bbox 1071 3234 1170 3311; x_wconf 79' lang='lat' dir='ltr'>praui</span> <span class='ocrx_word' id='word_1_309' title='bbox 1192 3232 1306 3294; x_wconf 88' lang='lat' dir='ltr'>obser-</span> 
     </span>
     <span class='ocr_line' id='line_1_37' title="bbox 67 3313 1307 3397; baseline -0.002 -16"><span class='ocrx_word' id='word_1_310' title='bbox 67 3330 170 3381; x_wconf 89' lang='lat' dir='ltr'>ootum</span> <span class='ocrx_word' id='word_1_311' title='bbox 193 3315 348 3397; x_wconf 82' lang='lat' dir='ltr'>(regulam</span> <span class='ocrx_word' id='word_1_312' title='bbox 370 3314 457 3392; x_wconf 89' lang='lat' dir='ltr'>fidei)</span> <span class='ocrx_word' id='word_1_313' title='bbox 489 3320 571 3381; x_wconf 88' lang='lat' dir='ltr'>inter</span> <span class='ocrx_word' id='word_1_314' title='bbox 602 3319 795 3380; x_wconf 82' lang='lat' dir='ltr'>ortbodouos</span> <span class='ocrx_word' id='word_1_315' title='bbox 825 3313 1004 3397; x_wconf 77' lang='lat' dir='ltr'>sup&#39;remum</span> <span class='ocrx_word' id='word_1_316' title='bbox 1037 3319 1307 3396; x_wconf 83' lang='lat' dir='ltr'>interpretationis</span> 
     </span>
     <span class='ocr_line' id='line_1_38' title="bbox 65 3403 1307 3484; baseline -0.002 -17"><span class='ocrx_word' id='word_1_317' title='bbox 65 3406 166 3483; x_wconf 71' lang='lat' dir='ltr'>fuisse</span> <span class='ocrx_word' id='word_1_318' title='bbox 188 3411 220 3465; x_wconf 92' lang='lat' dir='ltr'>et</span> <span class='ocrx_word' id='word_1_319' title='bbox 238 3405 453 3482; x_wconf 86' lang='lat' dir='ltr'>permansisse</span> <span class='ocrx_word' id='word_1_320' title='bbox 486 3422 646 3480; x_wconf 86' lang='lat' dir='ltr'>normam,</span> <span class='ocrx_word' id='word_1_321' title='bbox 680 3424 720 3466; x_wconf 85' lang='lat' dir='ltr'>ea</span> <span class='ocrx_word' id='word_1_322' title='bbox 752 3404 896 3465; x_wconf 87' lang='lat' dir='ltr'>omnibus</span> <span class='ocrx_word' id='word_1_323' title='bbox 931 3404 1062 3465; x_wconf 87' lang='lat' dir='ltr'>Petrum</span> <span class='ocrx_word' id='word_1_324' title='bbox 1096 3403 1198 3484; x_wconf 80' lang='lat' dir='ltr'>effatis</span> <span class='ocrx_word' id='word_1_325' title='bbox 1221 3403 1307 3479; x_wconf 85' lang='lat' dir='ltr'>(coil.</span> 
     </span>
     <span class='ocr_line' id='line_1_39' title="bbox 67 3487 1308 3569; baseline -0.001 -17"><span class='ocrx_word' id='word_1_326' title='bbox 67 3497 93 3565; x_wconf 76' lang='lat' dir='ltr'>s.</span> <span class='ocrx_word' id='word_1_327' title='bbox 116 3488 169 3552; x_wconf 84' lang='grc'>17.</span> <span class='ocrx_word' id='word_1_328' title='bbox 192 3487 317 3563; x_wconf 73' lang='lat' dir='ltr'>naid.)</span> <span class='ocrx_word' id='word_1_329' title='bbox 340 3498 372 3550; x_wconf 92' lang='lat' dir='ltr'>et</span> <span class='ocrx_word' id='word_1_330' title='bbox 391 3492 593 3569; x_wconf 80' lang='lat' dir='ltr'>interpretum</span> <span class='ocrx_word' id='word_1_331' title='bbox 614 3490 838 3551; x_wconf 78' lang='lat' dir='ltr'>catholicorum</span> <span class='ocrx_word' id='word_1_332' title='bbox 861 3492 993 3569; x_wconf 85' lang='lat' dir='ltr'>seriptis</span> <span class='ocrx_word' id='word_1_333' title='bbox 1015 3491 1197 3563; x_wconf 60' lang='lat' dir='ltr'>edocentem·</span> <span class='ocrx_word' id='word_1_334' title='bbox 1219 3498 1308 3551; x_wconf 89' lang='lat' dir='ltr'>atto·</span> 
     </span>
     <span class='ocr_line' id='line_1_40' title="bbox 67 3575 1308 3656; baseline -0.002 -18"><span class='ocrx_word' id='word_1_335' title='bbox 67 3596 134 3638; x_wconf 90' lang='lat' dir='ltr'>men</span> <span class='ocrx_word' id='word_1_336' title='bbox 156 3578 192 3638; x_wconf 91' lang='lat' dir='ltr'>in</span> <span class='ocrx_word' id='word_1_337' title='bbox 214 3576 286 3655; x_wconf 90' lang='lat' dir='ltr'>ipso</span> <span class='ocrx_word' id='word_1_338' title='bbox 320 3575 550 3655; x_wconf 81' lang='lat' dir='ltr'>interpretandi</span> <span class='ocrx_word' id='word_1_339' title='bbox 571 3578 663 3637; x_wconf 88' lang='lat' dir='ltr'>modo</span> <span class='ocrx_word' id='word_1_340' title='bbox 683 3577 806 3654; x_wconf 85' lang='lat' dir='ltr'>passim</span> <span class='ocrx_word' id='word_1_341' title='bbox 828 3594 889 3638; x_wconf 90' lang='lat' dir='ltr'>sua</span> <span class='ocrx_word' id='word_1_342' title='bbox 907 3578 1038 3655; x_wconf 87' lang='lat' dir='ltr'>pietatis</span> <span class='ocrx_word' id='word_1_343' title='bbox 1071 3595 1168 3638; x_wconf 89' lang='lat' dir='ltr'>senso</span> <span class='ocrx_word' id='word_1_344' title='bbox 1188 3577 1308 3656; x_wconf 89' lang='lat' dir='ltr'>potius,</span> 
     </span>
     <span class='ocr_line' id='line_1_41' title="bbox 68 3660 1309 3743; baseline -0.002 -19"><span class='ocrx_word' id='word_1_345' title='bbox 68 3682 160 3743; x_wconf 82' lang='lat' dir='ltr'>quum</span> <span class='ocrx_word' id='word_1_346' title='bbox 190 3670 297 3724; x_wconf 87' lang='lat' dir='ltr'>certos</span> <span class='ocrx_word' id='word_1_347' title='bbox 327 3669 358 3723; x_wconf 90' lang='lat' dir='ltr'>et</span> <span class='ocrx_word' id='word_1_348' title='bbox 375 3662 486 3740; x_wconf 69' lang='lat' dir='ltr'>firmus</span> <span class='ocrx_word' id='word_1_349' title='bbox 519 3662 646 3741; x_wconf 79' lang='lat' dir='ltr'>reputas</span> <span class='ocrx_word' id='word_1_350' title='bbox 678 3660 890 3742; x_wconf 85' lang='lat' dir='ltr'>sequebantur</span> <span class='ocrx_word' id='word_1_351' title='bbox 899 3683 914 3737; x_wconf 88' lang='lat'><em>;</em></span> <span class='ocrx_word' id='word_1_352' title='bbox 946 3662 1017 3725; x_wconf 92' lang='lat' dir='ltr'>binc</span> <span class='ocrx_word' id='word_1_353' title='bbox 1051 3661 1251 3738; x_wconf 88' lang='lat' dir='ltr'>factumest,</span> <span class='ocrx_word' id='word_1_354' title='bbox 1277 3667 1309 3722; x_wconf 89' lang='lat' dir='ltr'>ut</span> 
     </span>
    </p>
   </div>
   <div class='ocr_carea' id='block_1_4' title="bbox 106 3938 1310 4147">
    <p class='ocr_par' dir='ltr' id='par_1_6' title="bbox 106 3938 1310 4147">
     <span class='ocr_line' id='line_1_42' title="bbox 106 3938 1310 4025; baseline -0.002 -31"><span class='ocrx_word' id='word_1_355' title='bbox 106 3942 136 4008; x_wconf 75' lang='grc'>“)</span> <span class='ocrx_word' id='word_1_356' title='bbox 153 3940 237 4025; x_wconf 73' lang='lat' dir='ltr'>liceto</span> <span class='ocrx_word' id='word_1_357' title='bbox 254 3940 318 3993; x_wconf 88' lang='lat' dir='ltr'>dicit</span> <span class='ocrx_word' id='word_1_358' title='bbox 333 3938 441 3993; x_wconf 73' lang='lat' dir='ltr'>bubnist</span> <span class='ocrx_word' id='word_1_359' title='bbox 459 3940 514 4005; x_wconf 89' lang='lat' dir='ltr'>„So</span> <span class='ocrx_word' id='word_1_360' title='bbox 533 3942 585 3995; x_wconf 90' lang='lat' dir='ltr'>wie</span> <span class='ocrx_word' id='word_1_361' title='bbox 604 3956 632 3993; x_wconf 88' lang='lat' dir='ltr'>es</span> <span class='ocrx_word' id='word_1_362' title='bbox 650 3940 732 3995; x_wconf 84' lang='lat' dir='ltr'>sebon</span> <span class='ocrx_word' id='word_1_363' title='bbox 750 3941 880 3996; x_wconf 84' lang='lat' dir='ltr'>heniiehe</span> <span class='ocrx_word' id='word_1_364' title='bbox 893 3940 987 4025; x_wconf 76' lang='lat' dir='ltr'>Girten</span> <span class='ocrx_word' id='word_1_365' title='bbox 1005 3939 1064 4010; x_wconf 80' lang='lat' dir='ltr'>gab,</span> <span class='ocrx_word' id='word_1_366' title='bbox 1084 3939 1133 3991; x_wconf 88' lang='lat' dir='ltr'>ebe</span> <span class='ocrx_word' id='word_1_367' title='bbox 1152 3940 1211 4022; x_wconf 79' lang='lat' dir='ltr'>eine</span> <span class='ocrx_word' id='word_1_368' title='bbox 1222 3938 1310 4024; x_wconf 77' lang='lat' dir='ltr'>ibeo-</span> 
     </span>
     <span class='ocr_line' id='line_1_43' title="bbox 152 4006 1310 4147; baseline 0 -17"><span class='ocrx_word' id='word_1_369' title='bbox 152 4006 1030 4147; x_wconf 51' lang='lat' dir='ltr'>}b,iiiiii”iii²iitii⁰iiiiiiii¹¹‘aii‘iiiiaiiii</span> <span class='ocrx_word' id='word_1_370' title='bbox 1047 4006 1212 4146; x_wconf 58' lang='lat' dir='ltr'>iiiiii?</span> <span class='ocrx_word' id='word_1_371' title='bbox 1226 4010 1310 4132; x_wconf 65' lang='grc'><strong>11131</strong></span> 
     </span>
    </p>
   </div>
   <div class='ocr_carea' id='block_1_5' title="bbox 153 4146 1309 4353">
    <p class='ocr_par' dir='ltr' id='par_1_7' title="bbox 153 4146 1309 4353">
     <span class='ocr_line' id='line_1_44' title="bbox 153 4146 1309 4267; baseline -0.001 -68"><span class='ocrx_word' id='word_1_372' title='bbox 153 4155 236 4267; x_wconf 55' lang='lat' dir='ltr'>xptos</span> <span class='ocrx_word' id='word_1_373' title='bbox 255 4146 331 4215; x_wconf 85' lang='lat' dir='ltr'>&#39;Epos</span> <span class='ocrx_word' id='word_1_374' title='bbox 360 4146 507 4229; x_wconf 76' lang='lat' dir='ltr'>outworien</span> <span class='ocrx_word' id='word_1_375' title='bbox 534 4148 616 4201; x_wconf 85' lang='lat' dir='ltr'>batte:</span> <span class='ocrx_word' id='word_1_376' title='bbox 646 4148 713 4201; x_wconf 90' lang='lat' dir='ltr'>eben</span> <span class='ocrx_word' id='word_1_377' title='bbox 741 4165 771 4201; x_wconf 92' lang='lat' dir='ltr'>so</span> <span class='ocrx_word' id='word_1_378' title='bbox 790 4148 841 4231; x_wconf 77' lang='lat' dir='ltr'>gab</span> <span class='ocrx_word' id='word_1_379' title='bbox 856 4165 884 4200; x_wconf 87' lang='lat' dir='ltr'>os</span> <span class='ocrx_word' id='word_1_380' title='bbox 910 4148 991 4229; x_wconf 78' lang='lat' dir='ltr'>schop</span> <span class='ocrx_word' id='word_1_381' title='bbox 1011 4147 1052 4199; x_wconf 86' lang='lat' dir='ltr'>die</span> <span class='ocrx_word' id='word_1_382' title='bbox 1075 4147 1309 4201; x_wconf 70' lang='lat' dir='ltr'>meisterhaitesten</span> 
     </span>
     <span class='ocr_line' id='line_1_45' title="bbox 178 4214 1309 4285; baseline -0.001 -18"><span class='ocrx_word' id='word_1_383' title='bbox 178 4214 235 4269; x_wconf 84' lang='lat' dir='ltr'>uste</span> <span class='ocrx_word' id='word_1_384' title='bbox 272 4230 343 4285; x_wconf 72' lang='lat' dir='ltr'>nqen</span> <span class='ocrx_word' id='word_1_385' title='bbox 361 4214 409 4271; x_wconf 87' lang='lat' dir='ltr'>dar</span> <span class='ocrx_word' id='word_1_386' title='bbox 426 4214 509 4280; x_wconf 87' lang='lat' dir='ltr'>Bvbei,</span> <span class='ocrx_word' id='word_1_387' title='bbox 529 4217 578 4268; x_wconf 86' lang='lat' dir='ltr'>ebe</span> <span class='ocrx_word' id='word_1_388' title='bbox 597 4233 655 4269; x_wconf 88' lang='lat' dir='ltr'>man</span> <span class='ocrx_word' id='word_1_389' title='bbox 673 4217 742 4269; x_wconf 89' lang='lat' dir='ltr'>noch</span> <span class='ocrx_word' id='word_1_390' title='bbox 761 4234 794 4269; x_wconf 82' lang='lat' dir='ltr'>an</span> <span class='ocrx_word' id='word_1_391' title='bbox 817 4232 876 4268; x_wconf 89' lang='lat' dir='ltr'>evne</span> <span class='ocrx_word' id='word_1_392' title='bbox 895 4214 1005 4267; x_wconf 82' lang='lat' dir='ltr'>Theona</span> <span class='ocrx_word' id='word_1_393' title='bbox 1024 4216 1071 4267; x_wconf 89' lang='lat' dir='ltr'>der</span> <span class='ocrx_word' id='word_1_394' title='bbox 1088 4216 1242 4285; x_wconf 72' lang='lat' dir='ltr'>Auslegung</span> <span class='ocrx_word' id='word_1_395' title='bbox 1260 4232 1309 4285; x_wconf 73' lang='lat' dir='ltr'>ge·</span> 
     </span>
     <span class='ocr_line' id='line_1_46' title="bbox 154 4282 1057 4353; baseline -0.002 -16"><span class='ocrx_word' id='word_1_396' title='bbox 154 4282 233 4337; x_wconf 75' lang='lat' dir='ltr'>mene</span> <span class='ocrx_word' id='word_1_397' title='bbox 268 4288 321 4337; x_wconf 83' lang='lat' dir='ltr'>at.“</span> <span class='ocrx_word' id='word_1_398' title='bbox 340 4284 495 4352; x_wconf 75' lang='lat' dir='ltr'>iimndettqe</span> <span class='ocrx_word' id='word_1_399' title='bbox 515 4284 563 4336; x_wconf 84' lang='lat' dir='ltr'>der</span> <span class='ocrx_word' id='word_1_400' title='bbox 581 4284 634 4336; x_wconf 89' lang='lat' dir='ltr'>bibl</span> <span class='ocrx_word' id='word_1_401' title='bbox 661 4286 746 4338; x_wconf 86' lang='lat' dir='ltr'>lierm</span> <span class='ocrx_word' id='word_1_402' title='bbox 767 4285 819 4335; x_wconf 88' lang='lat' dir='ltr'>und</span> <span class='ocrx_word' id='word_1_403' title='bbox 838 4284 917 4335; x_wconf 85' lang='lat' dir='ltr'>iiritik</span> <span class='ocrx_word' id='word_1_404' title='bbox 935 4300 995 4353; x_wconf 72' lang='lat' dir='ltr'>pag.</span> <span class='ocrx_word' id='word_1_405' title='bbox 1018 4285 1057 4335; x_wconf 84' lang='grc'>15.</span> 
     </span>
    </p>
   </div>
   <div class='ocr_carea' id='block_1_6' title="bbox 1139 4356 1164 4416">
    <p class='ocr_par' dir='ltr' id='par_1_8' title="bbox 1139 4356 1164 4416">
     <span class='ocr_line' id='line_1_47' title="bbox 1139 4356 1164 4416; baseline 0 0"><span class='ocrx_word' id='word_1_406' title='bbox 1139 4356 1164 4416; x_wconf 73' lang='lat' dir='ltr'>t</span> 
     </span>
    </p>
   </div>
   <div class='ocr_carea' id='block_1_7' title="bbox 1319 4304 1348 4368">
    <p class='ocr_par' dir='ltr' id='par_1_9' title="bbox 1319 4304 1348 4368">
     <span class='ocr_line' id='line_1_48' title="bbox 1319 4304 1348 4368; baseline 0 0"><span class='ocrx_word' id='word_1_407' title='bbox 1319 4304 1348 4368; x_wconf 71' lang='lat' dir='ltr'><em>A</em></span> 
     </span>
    </p>
   </div>
   <div class='ocr_carea' id='block_1_8' title="bbox 0 0 1450 4896">
    <p class='ocr_par' dir='ltr' id='par_1_10' title="bbox 0 0 1450 4896">
     <span class='ocr_line' id='line_1_49' title="bbox 0 0 1450 4896; baseline 0 0"><span class='ocrx_word' id='word_1_408' title='bbox 0 0 1450 4896; x_wconf 95' lang='lat' dir='ltr'> </span> 
     </span>
    </p>
   </div>
  </div>
 </body>
</html>
