<?xml version="1.0" encoding="UTF-8"?>
<!DOCTYPE html PUBLIC "-//W3C//DTD XHTML 1.0 Transitional//EN"
    "http://www.w3.org/TR/xhtml1/DTD/xhtml1-transitional.dtd">
<html xmlns="http://www.w3.org/1999/xhtml" xml:lang="en" lang="en">
 <head>
  <title>
</title>
<meta http-equiv="Content-Type" content="text/html;charset=utf-8" />
  <meta name='ocr-system' content='tesseract 3.04.00' />
  <meta name='ocr-capabilities' content='ocr_page ocr_carea ocr_par ocr_line ocrx_word'/>
</head>
<body>
  <div class='ocr_page' id='page_1' title='image "./hermeneuticabib00gngoog_0070.png"; bbox 0 0 2834 4896; ppageno 0'>
   <div class='ocr_carea' id='block_1_1' title="bbox 47 109 1308 3290">
    <p class='ocr_par' dir='ltr' id='par_1_1' title="bbox 47 109 1301 1653">
     <span class='ocr_line' id='line_1_1' title="bbox 49 109 1273 191; baseline 0 -19"><span class='ocrx_word' id='word_1_1' title='bbox 49 128 122 172; x_wconf 91' lang='lat' dir='ltr'><strong><em>nam</em></strong></span> <span class='ocrx_word' id='word_1_2' title='bbox 156 109 286 172; x_wconf 76' lang='lat' dir='ltr'><strong><em>morire</em></strong></span> <span class='ocrx_word' id='word_1_3' title='bbox 308 110 342 171; x_wconf 92' lang='lat' dir='ltr'><strong><em>in</em></strong></span> <span class='ocrx_word' id='word_1_4' title='bbox 363 109 531 188; x_wconf 60' lang='lat' dir='ltr'><strong><em>cuiuslibet</em></strong></span> <span class='ocrx_word' id='word_1_5' title='bbox 551 109 686 171; x_wconf 82' lang='lat' dir='ltr'><strong><em>arbitrio</em></strong></span> <span class='ocrx_word' id='word_1_6' title='bbox 708 118 739 172; x_wconf 92' lang='lat' dir='ltr'><strong><em>et</em></strong></span> <span class='ocrx_word' id='word_1_7' title='bbox 764 118 918 191; x_wconf 74' lang='lat' dir='ltr'><em>potestate</em></span> <span class='ocrx_word' id='word_1_8' title='bbox 954 111 1093 191; x_wconf 86' lang='lat' dir='ltr'><strong><em>positum</em></strong></span> <span class='ocrx_word' id='word_1_9' title='bbox 1124 120 1208 173; x_wconf 87' lang='lat' dir='ltr'><strong><em>esset</em></strong></span> <span class='ocrx_word' id='word_1_10' title='bbox 1233 110 1273 185; x_wconf 69' lang='grc'><strong><em>1)</em></strong></span> 
     </span>
     <span class='ocr_line' id='line_1_2' title="bbox 47 191 1294 278; baseline -0.001 -20"><span class='ocrx_word' id='word_1_11' title='bbox 47 214 147 278; x_wconf 91' lang='lat' dir='ltr'><strong><em>porro</em></strong></span> <span class='ocrx_word' id='word_1_12' title='bbox 169 194 210 273; x_wconf 79' lang='grc' dir='ltr'><strong><em>β)</em></strong></span> <span class='ocrx_word' id='word_1_13' title='bbox 246 215 310 257; x_wconf 93' lang='lat' dir='ltr'><strong><em>non</em></strong></span> <span class='ocrx_word' id='word_1_14' title='bbox 341 194 414 257; x_wconf 86' lang='lat' dir='ltr'><strong><em>sola</em></strong></span> <span class='ocrx_word' id='word_1_15' title='bbox 435 195 581 277; x_wconf 77' lang='lat' dir='ltr'><strong><em>dogmata</em></strong></span> <span class='ocrx_word' id='word_1_16' title='bbox 611 197 749 259; x_wconf 82' lang='lat' dir='ltr'><strong><em>contimt</em></strong></span> <span class='ocrx_word' id='word_1_17' title='bbox 768 216 794 259; x_wconf 89' lang='lat' dir='ltr'><strong><em>s.</em></strong></span> <span class='ocrx_word' id='word_1_18' title='bbox 816 196 999 277; x_wconf 72' lang='lat' dir='ltr'><strong><em>Scriptura,</em></strong></span> <span class='ocrx_word' id='word_1_19' title='bbox 1021 196 1079 258; x_wconf 89' lang='lat' dir='ltr'><strong><em>sed</em></strong></span> <span class='ocrx_word' id='word_1_20' title='bbox 1100 206 1132 259; x_wconf 90' lang='lat' dir='ltr'><strong><em>et</em></strong></span> <span class='ocrx_word' id='word_1_21' title='bbox 1151 191 1294 259; x_wconf 77' lang='lat' dir='ltr'><strong><em>universi</em></strong></span> 
     </span>
     <span class='ocr_line' id='line_1_3' title="bbox 50 282 1291 362; baseline -0.001 -18"><span class='ocrx_word' id='word_1_22' title='bbox 50 282 145 361; x_wconf 74' lang='lat' dir='ltr'><strong><em>iuius</em></strong></span> <span class='ocrx_word' id='word_1_23' title='bbox 168 284 369 354; x_wconf 76' lang='lat' dir='ltr'><strong><em>creationem,</em></strong></span> <span class='ocrx_word' id='word_1_24' title='bbox 393 283 598 362; x_wconf 73' lang='lat' dir='ltr'><strong><em>originariam</em></strong></span> <span class='ocrx_word' id='word_1_25' title='bbox 613 290 872 361; x_wconf 77' lang='lat' dir='ltr'><strong><em>protoparentum</em></strong></span> <span class='ocrx_word' id='word_1_26' title='bbox 894 282 1103 345; x_wconf 87' lang='lat' dir='ltr'><strong><em>conditionem</em></strong></span> <span class='ocrx_word' id='word_1_27' title='bbox 1125 301 1291 362; x_wconf 78' lang='lat' dir='ltr'><strong><em>noruntque</em></strong></span> 
     </span>
     <span class='ocr_line' id='line_1_4' title="bbox 51 368 1292 447; baseline 0 -18"><span class='ocrx_word' id='word_1_28' title='bbox 51 368 186 446; x_wconf 88' lang='lat' dir='ltr'><strong><em>lapsum,</em></strong></span> <span class='ocrx_word' id='word_1_29' title='bbox 210 369 350 429; x_wconf 83' lang='lat' dir='ltr'><strong><em>diuinam</em></strong></span> <span class='ocrx_word' id='word_1_30' title='bbox 372 377 436 429; x_wconf 91' lang='lat' dir='ltr'><strong><em>tum</em></strong></span> <span class='ocrx_word' id='word_1_31' title='bbox 457 371 582 447; x_wconf 82' lang='lat' dir='ltr'><strong><em>pencris</em></strong></span> <span class='ocrx_word' id='word_1_32' title='bbox 595 368 724 429; x_wconf 78' lang='lat' dir='ltr'><strong><em>inmani</em></strong></span> <span class='ocrx_word' id='word_1_33' title='bbox 746 369 970 445; x_wconf 87' lang='lat' dir='ltr'><strong><em>educationem,</em></strong></span> <span class='ocrx_word' id='word_1_34' title='bbox 993 376 1056 429; x_wconf 92' lang='lat' dir='ltr'><strong><em>tum</em></strong></span> <span class='ocrx_word' id='word_1_35' title='bbox 1078 370 1292 430; x_wconf 79' lang='lat' dir='ltr'><strong><em>successivum</em></strong></span> 
     </span>
     <span class='ocr_line' id='line_1_5' title="bbox 48 453 1293 534; baseline 0 -20"><span class='ocrx_word' id='word_1_36' title='bbox 48 455 215 533; x_wconf 85' lang='lat' dir='ltr'><strong><em>reliqionis</em></strong></span> <span class='ocrx_word' id='word_1_37' title='bbox 239 453 432 515; x_wconf 73' lang='lat' dir='ltr'><strong><em>christianae</em></strong></span> <span class='ocrx_word' id='word_1_38' title='bbox 453 455 726 534; x_wconf 75' lang='lat' dir='ltr'><strong><em>praeparationem</em></strong></span> <span class='ocrx_word' id='word_1_39' title='bbox 757 456 978 534; x_wconf 70' lang='lat' dir='ltr'><strong><em>ereptamque,</em></strong></span> <span class='ocrx_word' id='word_1_40' title='bbox 1001 455 1152 515; x_wconf 86' lang='lat' dir='ltr'><strong><em>ecclcsiae</em></strong></span> <span class='ocrx_word' id='word_1_41' title='bbox 1172 454 1293 532; x_wconf 78' lang='lat' dir='ltr'><strong><em>fundo-</em></strong></span> 
     </span>
     <span class='ocr_line' id='line_1_6' title="bbox 52 540 1293 619; baseline 0.001 -19"><span class='ocrx_word' id='word_1_42' title='bbox 52 542 170 601; x_wconf 90' lang='lat' dir='ltr'><strong><em>tionem</em></strong></span> <span class='ocrx_word' id='word_1_43' title='bbox 194 558 233 600; x_wconf 92' lang='lat' dir='ltr'><strong><em>oc</em></strong></span> <span class='ocrx_word' id='word_1_44' title='bbox 252 542 513 619; x_wconf 77' lang='lat' dir='ltr'><strong><em>propagationem</em></strong></span> <span class='ocrx_word' id='word_1_45' title='bbox 534 540 626 601; x_wconf 86' lang='lat' dir='ltr'><strong><em>nobis</em></strong></span> <span class='ocrx_word' id='word_1_46' title='bbox 649 540 793 615; x_wconf 88' lang='lat' dir='ltr'><strong><em>detineat,</em></strong></span> <span class='ocrx_word' id='word_1_47' title='bbox 816 560 873 601; x_wconf 84' lang='lat' dir='ltr'><strong><em>noc</em></strong></span> <span class='ocrx_word' id='word_1_48' title='bbox 886 560 949 601; x_wconf 90' lang='lat' dir='ltr'><strong><em>non</em></strong></span> <span class='ocrx_word' id='word_1_49' title='bbox 963 541 1293 617; x_wconf 73' lang='lat' dir='ltr'><strong><em>aedificationemmo-</em></strong></span> 
     </span>
     <span class='ocr_line' id='line_1_7' title="bbox 50 624 1294 706; baseline 0 -20"><span class='ocrx_word' id='word_1_50' title='bbox 50 626 155 686; x_wconf 85' lang='lat' dir='ltr'><strong><em>rotem</em></strong></span> <span class='ocrx_word' id='word_1_51' title='bbox 174 634 349 705; x_wconf 81' lang='lat' dir='ltr'><strong><em>promovet.</em></strong></span> <span class='ocrx_word' id='word_1_52' title='bbox 392 624 499 706; x_wconf 83' lang='lat' dir='ltr'><strong><em>Neque</em></strong></span> <span class='ocrx_word' id='word_1_53' title='bbox 534 625 570 700; x_wconf 84' lang='lat' dir='ltr'><strong><em>b)</em></strong></span> <span class='ocrx_word' id='word_1_54' title='bbox 601 628 782 687; x_wconf 69' lang='lat' dir='ltr'><strong><em>auctoritati</em></strong></span> <span class='ocrx_word' id='word_1_55' title='bbox 811 629 880 706; x_wconf 84' lang='lat' dir='ltr'><strong><em>ejus</em></strong></span> <span class='ocrx_word' id='word_1_56' title='bbox 902 627 1089 704; x_wconf 62' lang='lat' dir='ltr'><strong><em>derogatum</em></strong></span> <span class='ocrx_word' id='word_1_57' title='bbox 1111 645 1184 687; x_wconf 91' lang='lat' dir='ltr'><strong><em>nam</em></strong></span> <span class='ocrx_word' id='word_1_58' title='bbox 1205 643 1294 687; x_wconf 76' lang='lat' dir='ltr'><strong><em>eremo</em></strong></span> 
     </span>
     <span class='ocr_line' id='line_1_8' title="bbox 51 710 1296 793; baseline -0.001 -22"><span class='ocrx_word' id='word_1_59' title='bbox 51 720 98 773; x_wconf 87' lang='lat' dir='ltr'><strong><em>est</em></strong></span> <span class='ocrx_word' id='word_1_60' title='bbox 121 710 367 787; x_wconf 82' lang='lat' dir='ltr'><strong><em>Catltoticornm,</em></strong></span> <span class='ocrx_word' id='word_1_61' title='bbox 392 714 446 793; x_wconf 86' lang='lat' dir='ltr'><strong><em>qni</em></strong></span> <span class='ocrx_word' id='word_1_62' title='bbox 468 730 617 773; x_wconf 90' lang='lat' dir='ltr'><strong><em>summam</em></strong></span> <span class='ocrx_word' id='word_1_63' title='bbox 638 730 664 772; x_wconf 89' lang='lat' dir='ltr'><strong><em>s.</em></strong></span> <span class='ocrx_word' id='word_1_64' title='bbox 688 710 871 791; x_wconf 84' lang='lat' dir='ltr'><strong><em>Scripturoe</em></strong></span> <span class='ocrx_word' id='word_1_65' title='bbox 895 714 1124 791; x_wconf 75' lang='lat' dir='ltr'><strong><em>praestantiam</em></strong></span> <span class='ocrx_word' id='word_1_66' title='bbox 1147 721 1177 774; x_wconf 91' lang='lat' dir='ltr'><strong><em>et</em></strong></span> <span class='ocrx_word' id='word_1_67' title='bbox 1194 731 1296 792; x_wconf 87' lang='lat' dir='ltr'><strong><em>prae-</em></strong></span> 
     </span>
     <span class='ocr_line' id='line_1_9' title="bbox 52 798 1296 878; baseline 0.002 -21"><span class='ocrx_word' id='word_1_68' title='bbox 52 799 219 878; x_wconf 84' lang='lat' dir='ltr'><strong><em>roqatioos</em></strong></span> <span class='ocrx_word' id='word_1_69' title='bbox 242 816 305 859; x_wconf 92' lang='lat' dir='ltr'><strong><em>non</em></strong></span> <span class='ocrx_word' id='word_1_70' title='bbox 327 808 418 878; x_wconf 80' lang='lat' dir='ltr'><strong><em>proto</em></strong></span> <span class='ocrx_word' id='word_1_71' title='bbox 442 806 595 878; x_wconf 71' lang='lat' dir='ltr'><strong><em>agnoscat</em></strong></span> <span class='ocrx_word' id='word_1_72' title='bbox 616 798 731 873; x_wconf 91' lang='lat' dir='ltr'><strong><em>animo,</em></strong></span> <span class='ocrx_word' id='word_1_73' title='bbox 753 806 822 859; x_wconf 91' lang='lat' dir='ltr'><strong><em>utut</em></strong></span> <span class='ocrx_word' id='word_1_74' title='bbox 844 800 1008 861; x_wconf 88' lang='lat' dir='ltr'><strong><em>traditioni</em></strong></span> <span class='ocrx_word' id='word_1_75' title='bbox 1030 805 1059 858; x_wconf 92' lang='lat' dir='ltr'><strong><em>et</em></strong></span> <span class='ocrx_word' id='word_1_76' title='bbox 1080 816 1157 859; x_wconf 87' lang='lat' dir='ltr'><strong><em>snas</em></strong></span> <span class='ocrx_word' id='word_1_77' title='bbox 1180 815 1296 859; x_wconf 90' lang='lat' dir='ltr'><strong><em>conce-</em></strong></span> 
     </span>
     <span class='ocr_line' id='line_1_10' title="bbox 54 882 1296 964; baseline -0.002 -19"><span class='ocrx_word' id='word_1_78' title='bbox 54 884 108 945; x_wconf 87' lang='lat' dir='ltr'><strong><em>dat</em></strong></span> <span class='ocrx_word' id='word_1_79' title='bbox 134 885 269 944; x_wconf 80' lang='lat' dir='ltr'><strong><em>virtutes</em></strong></span> <span class='ocrx_word' id='word_1_80' title='bbox 286 882 351 958; x_wconf 71' lang='grc'><strong><em>11).</em></strong></span> <span class='ocrx_word' id='word_1_81' title='bbox 395 882 586 945; x_wconf 82' lang='lat' dir='ltr'><strong><em>Veneremur</em></strong></span> <span class='ocrx_word' id='word_1_82' title='bbox 617 889 648 945; x_wconf 90' lang='lat' dir='ltr'><strong><em>et</em></strong></span> <span class='ocrx_word' id='word_1_83' title='bbox 670 883 827 963; x_wconf 83' lang='lat' dir='ltr'><strong><em>sequimur</em></strong></span> <span class='ocrx_word' id='word_1_84' title='bbox 848 883 908 947; x_wconf 91' lang='lat' dir='ltr'><strong><em>hoc</em></strong></span> <span class='ocrx_word' id='word_1_85' title='bbox 931 900 1055 963; x_wconf 89' lang='lat' dir='ltr'><strong><em>quoque</em></strong></span> <span class='ocrx_word' id='word_1_86' title='bbox 1078 892 1221 964; x_wconf 88' lang='lat' dir='ltr'><strong><em>respectu</em></strong></span> <span class='ocrx_word' id='word_1_87' title='bbox 1241 902 1296 943; x_wconf 86' lang='lat' dir='ltr'><strong><em>sa-</em></strong></span> 
     </span>
     <span class='ocr_line' id='line_1_11' title="bbox 54 968 1296 1051; baseline 0 -22"><span class='ocrx_word' id='word_1_88' title='bbox 54 968 274 1051; x_wconf 89' lang='lat' dir='ltr'><strong><em>pientissimam</em></strong></span> <span class='ocrx_word' id='word_1_89' title='bbox 298 968 529 1051; x_wconf 82' lang='lat' dir='ltr'><strong><em>dispositionem</em></strong></span> <span class='ocrx_word' id='word_1_90' title='bbox 562 968 702 1046; x_wconf 88' lang='lat' dir='ltr'><strong><em>divinam,</em></strong></span> <span class='ocrx_word' id='word_1_91' title='bbox 733 987 811 1048; x_wconf 90' lang='lat' dir='ltr'><strong><em>quae</em></strong></span> <span class='ocrx_word' id='word_1_92' title='bbox 842 976 873 1030; x_wconf 91' lang='lat' dir='ltr'><strong><em>et</em></strong></span> <span class='ocrx_word' id='word_1_93' title='bbox 894 969 1078 1051; x_wconf 88' lang='lat' dir='ltr'><strong><em>Scripturam</em></strong></span> <span class='ocrx_word' id='word_1_94' title='bbox 1102 974 1132 1030; x_wconf 88' lang='lat' dir='ltr'><strong><em>et</em></strong></span> <span class='ocrx_word' id='word_1_95' title='bbox 1154 970 1296 1030; x_wconf 88' lang='lat' dir='ltr'><strong><em>traditio-</em></strong></span> 
     </span>
     <span class='ocr_line' id='line_1_12' title="bbox 55 1052 1297 1136; baseline -0.001 -21"><span class='ocrx_word' id='word_1_96' title='bbox 55 1073 123 1116; x_wconf 91' lang='lat' dir='ltr'><strong><em>nem</em></strong></span> <span class='ocrx_word' id='word_1_97' title='bbox 155 1052 272 1116; x_wconf 90' lang='lat' dir='ltr'><strong><em>fontem</em></strong></span> <span class='ocrx_word' id='word_1_98' title='bbox 306 1056 395 1118; x_wconf 91' lang='lat' dir='ltr'><strong><em>nobis</em></strong></span> <span class='ocrx_word' id='word_1_99' title='bbox 426 1057 595 1136; x_wconf 91' lang='lat' dir='ltr'><strong><em>proposuit,</em></strong></span> <span class='ocrx_word' id='word_1_100' title='bbox 626 1055 707 1117; x_wconf 90' lang='lat' dir='ltr'><strong><em>unde</em></strong></span> <span class='ocrx_word' id='word_1_101' title='bbox 742 1055 820 1117; x_wconf 88' lang='lat' dir='ltr'><strong><em>duee</em></strong></span> <span class='ocrx_word' id='word_1_102' title='bbox 855 1056 987 1117; x_wconf 90' lang='lat' dir='ltr'><strong><em>ecclesia</em></strong></span> <span class='ocrx_word' id='word_1_103' title='bbox 1022 1053 1084 1117; x_wconf 84' lang='lat' dir='ltr'><strong><em>lulli</em></strong></span> <span class='ocrx_word' id='word_1_104' title='bbox 1107 1056 1211 1118; x_wconf 88' lang='lat' dir='ltr'><strong><em>nescia</em></strong></span> <span class='ocrx_word' id='word_1_105' title='bbox 1235 1061 1297 1115; x_wconf 90' lang='lat' dir='ltr'><strong><em>tum</em></strong></span> 
     </span>
     <span class='ocr_line' id='line_1_13' title="bbox 57 1139 1297 1223; baseline 0 -22"><span class='ocrx_word' id='word_1_106' title='bbox 57 1139 287 1223; x_wconf 87' lang='lat' dir='ltr'><strong><em>cognoscenda,</em></strong></span> <span class='ocrx_word' id='word_1_107' title='bbox 318 1147 381 1202; x_wconf 89' lang='lat' dir='ltr'><strong><em>tum</em></strong></span> <span class='ocrx_word' id='word_1_108' title='bbox 414 1160 453 1202; x_wconf 83' lang='lat' dir='ltr'><strong><em>ex</em></strong></span> <span class='ocrx_word' id='word_1_109' title='bbox 483 1158 538 1203; x_wconf 89' lang='lat' dir='ltr'><strong><em>ore</em></strong></span> <span class='ocrx_word' id='word_1_110' title='bbox 572 1141 739 1223; x_wconf 80' lang='lat' dir='ltr'><strong><em>magisterii</em></strong></span> <span class='ocrx_word' id='word_1_111' title='bbox 774 1141 917 1203; x_wconf 90' lang='lat' dir='ltr'><strong><em>divinitus</em></strong></span> <span class='ocrx_word' id='word_1_112' title='bbox 939 1141 1069 1203; x_wconf 86' lang='lat' dir='ltr'><strong><em>instituti</em></strong></span> <span class='ocrx_word' id='word_1_113' title='bbox 1087 1142 1150 1222; x_wconf 86' lang='lat' dir='ltr'><strong><em>jam</em></strong></span> <span class='ocrx_word' id='word_1_114' title='bbox 1174 1141 1297 1223; x_wconf 87' lang='lat' dir='ltr'><strong><em>cognita</em></strong></span> 
     </span>
     <span class='ocr_line' id='line_1_14' title="bbox 58 1226 1298 1308; baseline 0 -21"><span class='ocrx_word' id='word_1_115' title='bbox 58 1226 283 1308; x_wconf 89' lang='lat' dir='ltr'><strong><em>comprobanda</em></strong></span> <span class='ocrx_word' id='word_1_116' title='bbox 307 1233 355 1288; x_wconf 86' lang='lat' dir='ltr'><strong><em>est</em></strong></span> <span class='ocrx_word' id='word_1_117' title='bbox 380 1226 486 1289; x_wconf 91' lang='lat' dir='ltr'><strong><em>salutis</em></strong></span> <span class='ocrx_word' id='word_1_118' title='bbox 511 1228 708 1303; x_wconf 87' lang='lat' dir='ltr'><strong><em>oeconomia;</em></strong></span> <span class='ocrx_word' id='word_1_119' title='bbox 731 1245 913 1291; x_wconf 86' lang='lat' dir='ltr'><strong><em>veneramur</em></strong></span> <span class='ocrx_word' id='word_1_120' title='bbox 936 1233 967 1290; x_wconf 90' lang='lat' dir='ltr'><strong><em>et</em></strong></span> <span class='ocrx_word' id='word_1_121' title='bbox 989 1228 1146 1307; x_wconf 88' lang='lat' dir='ltr'><strong><em>sequimur</em></strong></span> <span class='ocrx_word' id='word_1_122' title='bbox 1167 1233 1298 1289; x_wconf 87' lang='lat' dir='ltr'><strong><em>mentem</em></strong></span> 
     </span>
     <span class='ocr_line' id='line_1_15' title="bbox 57 1311 1300 1396; baseline 0 -23"><span class='ocrx_word' id='word_1_123' title='bbox 57 1312 173 1375; x_wconf 84' lang='lat' dir='ltr'><strong><em>Petrum</em></strong></span> <span class='ocrx_word' id='word_1_124' title='bbox 197 1311 453 1391; x_wconf 72' lang='lat' dir='ltr'><strong><em>tridentinorum,</em></strong></span> <span class='ocrx_word' id='word_1_125' title='bbox 477 1313 844 1376; x_wconf 88' lang='lat' dir='ltr'><strong><em>sess.lll.indecretode</em></strong></span> <span class='ocrx_word' id='word_1_126' title='bbox 869 1314 1024 1377; x_wconf 88' lang='lat' dir='ltr'><strong><em>canonicis</em></strong></span> <span class='ocrx_word' id='word_1_127' title='bbox 1048 1312 1210 1396; x_wconf 78' lang='lat' dir='ltr'><strong><em>scripturis</em></strong></span> <span class='ocrx_word' id='word_1_128' title='bbox 1233 1319 1300 1375; x_wconf 91' lang='lat' dir='ltr'><strong><em>sta·</em></strong></span> 
     </span>
     <span class='ocr_line' id='line_1_16' title="bbox 56 1398 1301 1479; baseline -0.001 -18"><span class='ocrx_word' id='word_1_129' title='bbox 56 1398 223 1461; x_wconf 86' lang='lat' dir='ltr'><strong><em>tuentium:</em></strong></span> <span class='ocrx_word' id='word_1_130' title='bbox 249 1399 382 1477; x_wconf 85' lang='lat' dir='ltr'><strong><em>,Omnes</em></strong></span> <span class='ocrx_word' id='word_1_131' title='bbox 407 1400 501 1462; x_wconf 87' lang='lat' dir='ltr'><strong><em>libros</em></strong></span> <span class='ocrx_word' id='word_1_132' title='bbox 524 1406 584 1461; x_wconf 92' lang='lat' dir='ltr'><strong><em>tam</em></strong></span> <span class='ocrx_word' id='word_1_133' title='bbox 607 1399 641 1460; x_wconf 90' lang='lat' dir='ltr'><strong><em>V.</em></strong></span> <span class='ocrx_word' id='word_1_134' title='bbox 666 1418 756 1479; x_wconf 91' lang='lat' dir='ltr'><strong><em>quam</em></strong></span> <span class='ocrx_word' id='word_1_135' title='bbox 790 1399 824 1460; x_wconf 95' lang='lat' dir='ltr'><strong><em>N.</em></strong></span> <span class='ocrx_word' id='word_1_136' title='bbox 849 1400 880 1462; x_wconf 89' lang='lat' dir='ltr'><strong><em>T.</em></strong></span> <span class='ocrx_word' id='word_1_137' title='bbox 905 1436 944 1446; x_wconf 92' lang='lat'>-</span> <span class='ocrx_word' id='word_1_138' title='bbox 972 1436 1004 1445; x_wconf 93' lang='lat'>—</span> <span class='ocrx_word' id='word_1_139' title='bbox 1034 1418 1178 1463; x_wconf 91' lang='lat' dir='ltr'><strong><em>necnon</em></strong></span> <span class='ocrx_word' id='word_1_140' title='bbox 1202 1399 1301 1461; x_wconf 87' lang='lat' dir='ltr'><strong><em>tradi-</em></strong></span> 
     </span>
     <span class='ocr_line' id='line_1_17' title="bbox 58 1485 1301 1569; baseline 0 -23"><span class='ocrx_word' id='word_1_141' title='bbox 58 1487 160 1547; x_wconf 89' lang='lat' dir='ltr'><strong><em>tiones</em></strong></span> <span class='ocrx_word' id='word_1_142' title='bbox 182 1485 267 1565; x_wconf 90' lang='lat' dir='ltr'><strong><em>ipsas</em></strong></span> <span class='ocrx_word' id='word_1_143' title='bbox 292 1491 351 1546; x_wconf 89' lang='lat' dir='ltr'><strong><em>tam</em></strong></span> <span class='ocrx_word' id='word_1_144' title='bbox 383 1486 420 1547; x_wconf 87' lang='lat' dir='ltr'><strong><em>ad</em></strong></span> <span class='ocrx_word' id='word_1_145' title='bbox 453 1485 543 1548; x_wconf 84' lang='lat' dir='ltr'><strong><em>fidem</em></strong></span> <span class='ocrx_word' id='word_1_146' title='bbox 575 1504 663 1565; x_wconf 89' lang='lat' dir='ltr'><strong><em>quam</em></strong></span> <span class='ocrx_word' id='word_1_147' title='bbox 695 1487 734 1547; x_wconf 92' lang='lat' dir='ltr'><strong><em>ad</em></strong></span> <span class='ocrx_word' id='word_1_148' title='bbox 766 1504 867 1548; x_wconf 90' lang='lat' dir='ltr'><strong><em>mores</em></strong></span> <span class='ocrx_word' id='word_1_149' title='bbox 895 1486 1084 1567; x_wconf 88' lang='lat' dir='ltr'><strong><em>pertinentes</em></strong></span> <span class='ocrx_word' id='word_1_150' title='bbox 1110 1522 1146 1531; x_wconf 88' lang='lat'>—</span> <span class='ocrx_word' id='word_1_151' title='bbox 1172 1485 1301 1569; x_wconf 89' lang='lat' dir='ltr'><strong><em>-puri</em></strong></span> 
     </span>
     <span class='ocr_line' id='line_1_18' title="bbox 56 1569 1169 1653; baseline 0.001 -20"><span class='ocrx_word' id='word_1_152' title='bbox 56 1570 179 1653; x_wconf 85' lang='lat' dir='ltr'><strong><em>pietatis</em></strong></span> <span class='ocrx_word' id='word_1_153' title='bbox 202 1569 316 1633; x_wconf 79' lang='lat' dir='ltr'><strong><em>affectu</em></strong></span> <span class='ocrx_word' id='word_1_154' title='bbox 338 1590 375 1633; x_wconf 89' lang='lat' dir='ltr'><strong><em>ac</em></strong></span> <span class='ocrx_word' id='word_1_155' title='bbox 398 1572 570 1634; x_wconf 89' lang='lat' dir='ltr'><strong><em>reverentia</em></strong></span> <span class='ocrx_word' id='word_1_156' title='bbox 586 1571 754 1651; x_wconf 80' lang='lat' dir='ltr'><strong><em>(synodus)</em></strong></span> <span class='ocrx_word' id='word_1_157' title='bbox 768 1572 896 1653; x_wconf 86' lang='lat' dir='ltr'><strong><em>suscipit</em></strong></span> <span class='ocrx_word' id='word_1_158' title='bbox 918 1578 949 1633; x_wconf 88' lang='lat' dir='ltr'><strong><em>et</em></strong></span> <span class='ocrx_word' id='word_1_159' title='bbox 971 1576 1169 1634; x_wconf 87' lang='lat' dir='ltr'><strong><em>veneratur.“</em></strong></span> 
     </span>
    </p>

    <p class='ocr_par' dir='ltr' id='par_1_2' title="bbox 58 1655 1303 1999">
     <span class='ocr_line' id='line_1_19' title="bbox 141 1655 1303 1740; baseline -0.001 -22"><span class='ocrx_word' id='word_1_160' title='bbox 141 1655 211 1737; x_wconf 82' lang='lat' dir='ltr'><strong><em>obj.</em></strong></span> <span class='ocrx_word' id='word_1_161' title='bbox 235 1655 265 1720; x_wconf 89' lang='grc'><strong><em>3.</em></strong></span> <span class='ocrx_word' id='word_1_162' title='bbox 290 1656 404 1720; x_wconf 82' lang='lat' dir='ltr'><strong><em>Sacrae</em></strong></span> <span class='ocrx_word' id='word_1_163' title='bbox 427 1658 603 1739; x_wconf 80' lang='lat' dir='ltr'><strong><em>scripturae</em></strong></span> <span class='ocrx_word' id='word_1_164' title='bbox 634 1659 773 1719; x_wconf 89' lang='lat' dir='ltr'><strong><em>tractatio</em></strong></span> <span class='ocrx_word' id='word_1_165' title='bbox 807 1677 892 1719; x_wconf 89' lang='lat' dir='ltr'><strong><em>mere</em></strong></span> <span class='ocrx_word' id='word_1_166' title='bbox 924 1657 1108 1740; x_wconf 88' lang='lat' dir='ltr'><strong><em>dogmatica,</em></strong></span> <span class='ocrx_word' id='word_1_167' title='bbox 1133 1658 1230 1737; x_wconf 91' lang='lat' dir='ltr'><strong><em>qualis</em></strong></span> <span class='ocrx_word' id='word_1_168' title='bbox 1255 1663 1303 1719; x_wconf 89' lang='lat' dir='ltr'><strong><em>est</em></strong></span> 
     </span>
     <span class='ocr_line' id='line_1_20' title="bbox 58 1743 1302 1827; baseline 0 -23"><span class='ocrx_word' id='word_1_169' title='bbox 58 1743 214 1825; x_wconf 87' lang='lat' dir='ltr'><strong><em>expositio</em></strong></span> <span class='ocrx_word' id='word_1_170' title='bbox 252 1743 418 1821; x_wconf 87' lang='lat' dir='ltr'><strong><em>catholica,</em></strong></span> <span class='ocrx_word' id='word_1_171' title='bbox 457 1744 494 1806; x_wconf 90' lang='lat' dir='ltr'><strong><em>ab</em></strong></span> <span class='ocrx_word' id='word_1_172' title='bbox 526 1744 743 1825; x_wconf 82' lang='lat' dir='ltr'><strong><em>antiquissimis</em></strong></span> <span class='ocrx_word' id='word_1_173' title='bbox 777 1745 965 1827; x_wconf 88' lang='lat' dir='ltr'><strong><em>temporibus</em></strong></span> <span class='ocrx_word' id='word_1_174' title='bbox 994 1744 1058 1824; x_wconf 86' lang='lat' dir='ltr'><strong><em>jam</em></strong></span> <span class='ocrx_word' id='word_1_175' title='bbox 1093 1744 1302 1819; x_wconf 87' lang='lat' dir='ltr'><strong><em>determinata,</em></strong></span> 
     </span>
     <span class='ocr_line' id='line_1_21' title="bbox 58 1828 1302 1912; baseline 0.001 -22"><span class='ocrx_word' id='word_1_176' title='bbox 58 1829 320 1911; x_wconf 86' lang='lat' dir='ltr'><strong><em>interpretationis</em></strong></span> <span class='ocrx_word' id='word_1_177' title='bbox 355 1831 477 1891; x_wconf 90' lang='lat' dir='ltr'><strong><em>nomine</em></strong></span> <span class='ocrx_word' id='word_1_178' title='bbox 507 1849 570 1892; x_wconf 91' lang='lat' dir='ltr'><strong><em>non</em></strong></span> <span class='ocrx_word' id='word_1_179' title='bbox 601 1837 649 1893; x_wconf 89' lang='lat' dir='ltr'><strong><em>est</em></strong></span> <span class='ocrx_word' id='word_1_180' title='bbox 671 1830 779 1912; x_wconf 80' lang='lat' dir='ltr'><strong><em>digna3</em></strong></span> <span class='ocrx_word' id='word_1_181' title='bbox 814 1849 883 1893; x_wconf 88' lang='lat' dir='ltr'><strong><em>nam</em></strong></span> <span class='ocrx_word' id='word_1_182' title='bbox 905 1831 951 1893; x_wconf 88' lang='lat' dir='ltr'><strong><em>vis</em></strong></span> <span class='ocrx_word' id='word_1_183' title='bbox 983 1828 1113 1893; x_wconf 89' lang='lat' dir='ltr'><strong><em>infertur</em></strong></span> <span class='ocrx_word' id='word_1_184' title='bbox 1134 1830 1302 1910; x_wconf 88' lang='lat' dir='ltr'><strong><em>interpreti,</em></strong></span> 
     </span>
     <span class='ocr_line' id='line_1_22' title="bbox 59 1915 1225 1999; baseline 0 -22"><span class='ocrx_word' id='word_1_185' title='bbox 59 1917 154 1978; x_wconf 88' lang='lat' dir='ltr'><strong><em>omnis</em></strong></span> <span class='ocrx_word' id='word_1_186' title='bbox 178 1915 276 1977; x_wconf 87' lang='lat' dir='ltr'><strong><em>libera</em></strong></span> <span class='ocrx_word' id='word_1_187' title='bbox 298 1915 453 1999; x_wconf 83' lang='lat' dir='ltr'><strong><em>indagatio</em></strong></span> <span class='ocrx_word' id='word_1_188' title='bbox 478 1917 647 1993; x_wconf 86' lang='lat' dir='ltr'><strong><em>cohibetur,</em></strong></span> <span class='ocrx_word' id='word_1_189' title='bbox 672 1923 702 1979; x_wconf 90' lang='lat' dir='ltr'><strong><em>et</em></strong></span> <span class='ocrx_word' id='word_1_190' title='bbox 725 1917 822 1978; x_wconf 78' lang='lat' dir='ltr'><strong><em>curnis</em></strong></span> <span class='ocrx_word' id='word_1_191' title='bbox 846 1934 1031 1999; x_wconf 87' lang='lat' dir='ltr'><strong><em>progressus</em></strong></span> <span class='ocrx_word' id='word_1_192' title='bbox 1054 1916 1225 1998; x_wconf 88' lang='lat' dir='ltr'><strong><em>impeditur.</em></strong></span> 
     </span>
    </p>

    <p class='ocr_par' dir='ltr' id='par_1_3' title="bbox 59 2002 1308 3290">
     <span class='ocr_line' id='line_1_23' title="bbox 139 2002 1305 2084; baseline 0 -21"><span class='ocrx_word' id='word_1_193' title='bbox 139 2003 238 2081; x_wconf 82' lang='lat' dir='ltr'><strong><em>Resp.</em></strong></span> <span class='ocrx_word' id='word_1_194' title='bbox 260 2006 298 2077; x_wconf 83' lang='lat' dir='ltr'><strong><em>a)</em></strong></span> <span class='ocrx_word' id='word_1_195' title='bbox 320 2002 357 2064; x_wconf 87' lang='lat' dir='ltr'><strong><em>Si</em></strong></span> <span class='ocrx_word' id='word_1_196' title='bbox 369 2022 429 2083; x_wconf 91' lang='lat' dir='ltr'><strong><em>per</em></strong></span> <span class='ocrx_word' id='word_1_197' title='bbox 446 2002 578 2064; x_wconf 81' lang='lat' dir='ltr'><strong><em>liberam</em></strong></span> <span class='ocrx_word' id='word_1_198' title='bbox 594 2003 828 2082; x_wconf 86' lang='lat' dir='ltr'><strong><em>indoqotionem</em></strong></span> <span class='ocrx_word' id='word_1_199' title='bbox 844 2004 1004 2082; x_wconf 77' lang='lat' dir='ltr'><strong><em>intelligas</em></strong></span> <span class='ocrx_word' id='word_1_200' title='bbox 1019 2002 1201 2084; x_wconf 76' lang='lat' dir='ltr'><strong><em>effrenatam</em></strong></span> <span class='ocrx_word' id='word_1_201' title='bbox 1216 2003 1305 2064; x_wconf 90' lang='lat' dir='ltr'><strong><em>illum</em></strong></span> 
     </span>
     <span class='ocr_line' id='line_1_24' title="bbox 59 2088 1305 2169; baseline 0.001 -20"><span class='ocrx_word' id='word_1_202' title='bbox 59 2098 150 2169; x_wconf 90' lang='lat' dir='ltr'><strong><em>atque</em></strong></span> <span class='ocrx_word' id='word_1_203' title='bbox 173 2090 313 2168; x_wconf 86' lang='lat' dir='ltr'><strong><em>impium,</em></strong></span> <span class='ocrx_word' id='word_1_204' title='bbox 332 2090 370 2150; x_wconf 90' lang='lat' dir='ltr'><strong><em>de</em></strong></span> <span class='ocrx_word' id='word_1_205' title='bbox 392 2088 596 2151; x_wconf 84' lang='lat' dir='ltr'><strong><em>rebusDenm</em></strong></span> <span class='ocrx_word' id='word_1_206' title='bbox 618 2091 749 2169; x_wconf 85' lang='lat' dir='ltr'><strong><em>ejusque</em></strong></span> <span class='ocrx_word' id='word_1_207' title='bbox 772 2091 962 2151; x_wconf 82' lang='lat' dir='ltr'><strong><em>uoluntatem</em></strong></span> <span class='ocrx_word' id='word_1_208' title='bbox 977 2109 1015 2150; x_wconf 90' lang='lat' dir='ltr'><strong><em>ao</em></strong></span> <span class='ocrx_word' id='word_1_209' title='bbox 1030 2090 1147 2151; x_wconf 88' lang='lat' dir='ltr'><strong><em>cattum</em></strong></span> <span class='ocrx_word' id='word_1_210' title='bbox 1166 2092 1305 2153; x_wconf 88' lang='lat' dir='ltr'><strong><em>attinen-</em></strong></span> 
     </span>
     <span class='ocr_line' id='line_1_25' title="bbox 59 2174 1304 2255; baseline 0.001 -19"><span class='ocrx_word' id='word_1_211' title='bbox 59 2174 140 2237; x_wconf 80' lang='lat' dir='ltr'><strong><em>tibus</em></strong></span> <span class='ocrx_word' id='word_1_212' title='bbox 173 2175 347 2251; x_wconf 87' lang='lat' dir='ltr'><strong><em>sentiendi,</em></strong></span> <span class='ocrx_word' id='word_1_213' title='bbox 382 2175 528 2255; x_wconf 90' lang='lat' dir='ltr'><strong><em>loquendi</em></strong></span> <span class='ocrx_word' id='word_1_214' title='bbox 557 2195 596 2238; x_wconf 92' lang='lat' dir='ltr'><strong><em>ac</em></strong></span> <span class='ocrx_word' id='word_1_215' title='bbox 619 2174 779 2236; x_wconf 84' lang='lat' dir='ltr'><strong><em>scribendi</em></strong></span> <span class='ocrx_word' id='word_1_216' title='bbox 813 2176 969 2236; x_wconf 89' lang='lat' dir='ltr'><strong><em>licentiam</em></strong></span> <span class='ocrx_word' id='word_1_217' title='bbox 1002 2183 1096 2255; x_wconf 91' lang='lat' dir='ltr'><strong><em>atque</em></strong></span> <span class='ocrx_word' id='word_1_218' title='bbox 1126 2176 1304 2251; x_wconf 88' lang='lat' dir='ltr'><strong><em>andaciam,</em></strong></span> 
     </span>
     <span class='ocr_line' id='line_1_26' title="bbox 60 2259 1305 2341; baseline -0.001 -19"><span class='ocrx_word' id='word_1_219' title='bbox 60 2260 153 2337; x_wconf 87' lang='lat' dir='ltr'><strong><em>laec,</em></strong></span> <span class='ocrx_word' id='word_1_220' title='bbox 187 2260 229 2322; x_wconf 84' lang='lat' dir='ltr'><strong><em>ab</em></strong></span> <span class='ocrx_word' id='word_1_221' title='bbox 262 2263 333 2340; x_wconf 87' lang='lat' dir='ltr'><strong><em>ipso</em></strong></span> <span class='ocrx_word' id='word_1_222' title='bbox 367 2259 521 2341; x_wconf 86' lang='lat' dir='ltr'><strong><em>Apostolo</em></strong></span> <span class='ocrx_word' id='word_1_223' title='bbox 544 2260 624 2337; x_wconf 85' lang='lat' dir='ltr'><strong><em>(Gal.</em></strong></span> <span class='ocrx_word' id='word_1_224' title='bbox 649 2261 678 2339; x_wconf 90' lang='grc'><strong><em>1,</em></strong></span> <span class='ocrx_word' id='word_1_225' title='bbox 706 2260 735 2322; x_wconf 87' lang='grc'><strong><em>8.</em></strong></span> <span class='ocrx_word' id='word_1_226' title='bbox 767 2260 804 2337; x_wconf 89' lang='grc'><strong><em>9)</em></strong></span> <span class='ocrx_word' id='word_1_227' title='bbox 835 2263 1031 2323; x_wconf 78' lang='lat' dir='ltr'><strong><em>anathemate</em></strong></span> <span class='ocrx_word' id='word_1_228' title='bbox 1065 2263 1214 2324; x_wconf 89' lang='lat' dir='ltr'><strong><em>damnato</em></strong></span> <span class='ocrx_word' id='word_1_229' title='bbox 1246 2280 1305 2341; x_wconf 89' lang='lat' dir='ltr'><strong><em>per</em></strong></span> 
     </span>
     <span class='ocr_line' id='line_1_27' title="bbox 61 2346 1305 2431; baseline 0.001 -24"><span class='ocrx_word' id='word_1_230' title='bbox 61 2348 237 2409; x_wconf 88' lang='lat' dir='ltr'><strong><em>doctrinam</em></strong></span> <span class='ocrx_word' id='word_1_231' title='bbox 260 2347 423 2423; x_wconf 83' lang='lat' dir='ltr'><strong><em>ecclesiae,</em></strong></span> <span class='ocrx_word' id='word_1_232' title='bbox 440 2349 472 2408; x_wconf 89' lang='lat' dir='ltr'><strong><em>in</em></strong></span> <span class='ocrx_word' id='word_1_233' title='bbox 494 2349 751 2431; x_wconf 88' lang='lat' dir='ltr'><strong><em>interpretatione</em></strong></span> <span class='ocrx_word' id='word_1_234' title='bbox 774 2367 799 2410; x_wconf 82' lang='lat' dir='ltr'><strong><em>s.</em></strong></span> <span class='ocrx_word' id='word_1_235' title='bbox 812 2346 995 2426; x_wconf 88' lang='lat' dir='ltr'><strong><em>Scripturae</em></strong></span> <span class='ocrx_word' id='word_1_236' title='bbox 1018 2348 1174 2409; x_wconf 80' lang='lat' dir='ltr'><strong><em>cotleotica</em></strong></span> <span class='ocrx_word' id='word_1_237' title='bbox 1197 2348 1305 2427; x_wconf 87' lang='lat' dir='ltr'><strong><em>respi-</em></strong></span> 
     </span>
     <span class='ocr_line' id='line_1_28' title="bbox 61 2434 1305 2514; baseline 0.001 -20"><span class='ocrx_word' id='word_1_238' title='bbox 61 2434 215 2509; x_wconf 87' lang='lat' dir='ltr'><strong><em>ciendam,</em></strong></span> <span class='ocrx_word' id='word_1_239' title='bbox 236 2437 343 2511; x_wconf 89' lang='lat' dir='ltr'><strong><em>utique</em></strong></span> <span class='ocrx_word' id='word_1_240' title='bbox 366 2443 539 2509; x_wconf 83' lang='lat' dir='ltr'><strong><em>cotrcetur,</em></strong></span> <span class='ocrx_word' id='word_1_241' title='bbox 563 2434 737 2514; x_wconf 89' lang='lat' dir='ltr'><strong><em>etquidem</em></strong></span> <span class='ocrx_word' id='word_1_242' title='bbox 760 2436 792 2494; x_wconf 90' lang='lat' dir='ltr'><strong><em>in</em></strong></span> <span class='ocrx_word' id='word_1_243' title='bbox 823 2436 992 2495; x_wconf 82' lang='lat' dir='ltr'><strong><em>monimum</em></strong></span> <span class='ocrx_word' id='word_1_244' title='bbox 1018 2434 1157 2512; x_wconf 83' lang='lat' dir='ltr'><strong><em>fidetium</em></strong></span> <span class='ocrx_word' id='word_1_245' title='bbox 1179 2435 1305 2495; x_wconf 87' lang='lat' dir='ltr'><strong><em>utilita-</em></strong></span> 
     </span>
     <span class='ocr_line' id='line_1_29' title="bbox 62 2520 1307 2601; baseline 0.001 -20"><span class='ocrx_word' id='word_1_246' title='bbox 62 2528 137 2594; x_wconf 90' lang='lat' dir='ltr'><strong><em>tem,·</em></strong></span> <span class='ocrx_word' id='word_1_247' title='bbox 172 2529 328 2599; x_wconf 87' lang='lat' dir='ltr'><strong><em>quatenus</em></strong></span> <span class='ocrx_word' id='word_1_248' title='bbox 360 2537 436 2581; x_wconf 90' lang='lat' dir='ltr'><strong><em>oero</em></strong></span> <span class='ocrx_word' id='word_1_249' title='bbox 467 2539 528 2601; x_wconf 91' lang='lat' dir='ltr'><strong><em>per</em></strong></span> <span class='ocrx_word' id='word_1_250' title='bbox 561 2520 733 2582; x_wconf 87' lang='lat' dir='ltr'><strong><em>libertatem</em></strong></span> <span class='ocrx_word' id='word_1_251' title='bbox 767 2520 854 2581; x_wconf 87' lang='lat' dir='ltr'><strong><em>illam</em></strong></span> <span class='ocrx_word' id='word_1_252' title='bbox 888 2521 1074 2599; x_wconf 85' lang='lat' dir='ltr'><strong><em>intelliqitur</em></strong></span> <span class='ocrx_word' id='word_1_253' title='bbox 1105 2520 1245 2582; x_wconf 82' lang='lat' dir='ltr'><strong><em>sobrium</em></strong></span> <span class='ocrx_word' id='word_1_254' title='bbox 1278 2529 1307 2582; x_wconf 90' lang='lat' dir='ltr'><strong><em>et</em></strong></span> 
     </span>
     <span class='ocr_line' id='line_1_30' title="bbox 61 2607 1308 2688; baseline 0.001 -22"><span class='ocrx_word' id='word_1_255' title='bbox 61 2614 217 2667; x_wconf 88' lang='lat' dir='ltr'><strong><em>maturum</em></strong></span> <span class='ocrx_word' id='word_1_256' title='bbox 250 2607 403 2682; x_wconf 83' lang='lat' dir='ltr'><strong><em>studium,</em></strong></span> <span class='ocrx_word' id='word_1_257' title='bbox 427 2624 443 2667; x_wconf 91' lang='lat' dir='ltr'><strong><em>e</em></strong></span> <span class='ocrx_word' id='word_1_258' title='bbox 465 2608 570 2667; x_wconf 87' lang='lat' dir='ltr'><strong><em>sacris</em></strong></span> <span class='ocrx_word' id='word_1_259' title='bbox 601 2607 702 2668; x_wconf 87' lang='lat' dir='ltr'><strong><em>literis</em></strong></span> <span class='ocrx_word' id='word_1_260' title='bbox 736 2625 799 2666; x_wconf 90' lang='lat' dir='ltr'><strong><em>non</em></strong></span> <span class='ocrx_word' id='word_1_261' title='bbox 830 2626 890 2667; x_wconf 88' lang='lat' dir='ltr'><strong><em>sua</em></strong></span> <span class='ocrx_word' id='word_1_262' title='bbox 909 2607 1031 2688; x_wconf 90' lang='lat' dir='ltr'><strong><em>placito</em></strong></span> <span class='ocrx_word' id='word_1_263' title='bbox 1049 2608 1226 2685; x_wconf 78' lang='lat' dir='ltr'><strong><em>poeniendi,</em></strong></span> <span class='ocrx_word' id='word_1_264' title='bbox 1249 2607 1308 2669; x_wconf 87' lang='lat' dir='ltr'><strong><em>sed</em></strong></span> 
     </span>
     <span class='ocr_line' id='line_1_31' title="bbox 62 2690 1305 2772; baseline 0.001 -20"><span class='ocrx_word' id='word_1_265' title='bbox 62 2690 117 2753; x_wconf 86' lang='lat' dir='ltr'><strong><em>Dei</em></strong></span> <span class='ocrx_word' id='word_1_266' title='bbox 139 2690 237 2771; x_wconf 76' lang='lat' dir='ltr'><strong><em>effata</em></strong></span> <span class='ocrx_word' id='word_1_267' title='bbox 258 2693 647 2772; x_wconf 85' lang='lat' dir='ltr'><strong><em>coqnoscendi,indoqotio</em></strong></span> <span class='ocrx_word' id='word_1_268' title='bbox 670 2694 850 2771; x_wconf 86' lang='lat' dir='ltr'><strong><em>interpretis</em></strong></span> <span class='ocrx_word' id='word_1_269' title='bbox 873 2693 1023 2754; x_wconf 77' lang='lat' dir='ltr'><strong><em>catholici</em></strong></span> <span class='ocrx_word' id='word_1_270' title='bbox 1038 2712 1073 2753; x_wconf 94' lang='lat' dir='ltr'><strong><em>eo</em></strong></span> <span class='ocrx_word' id='word_1_271' title='bbox 1098 2692 1228 2753; x_wconf 86' lang='lat' dir='ltr'><strong><em>liberior</em></strong></span> <span class='ocrx_word' id='word_1_272' title='bbox 1249 2700 1305 2768; x_wconf 86' lang='lat' dir='ltr'><strong><em>est,</em></strong></span> 
     </span>
     <span class='ocr_line' id='line_1_32' title="bbox 63 2777 1304 2859; baseline -0.001 -20"><span class='ocrx_word' id='word_1_273' title='bbox 63 2796 118 2858; x_wconf 88' lang='lat' dir='ltr'><strong><em>quo</em></strong></span> <span class='ocrx_word' id='word_1_274' title='bbox 151 2779 277 2856; x_wconf 76' lang='lat' dir='ltr'><strong><em>firmins</em></strong></span> <span class='ocrx_word' id='word_1_275' title='bbox 310 2781 469 2841; x_wconf 85' lang='lat' dir='ltr'><strong><em>invenitur</em></strong></span> <span class='ocrx_word' id='word_1_276' title='bbox 496 2779 749 2858; x_wconf 80' lang='lat' dir='ltr'><strong><em>fundamentum,</em></strong></span> <span class='ocrx_word' id='word_1_277' title='bbox 781 2781 834 2840; x_wconf 91' lang='lat' dir='ltr'><strong><em>cni</em></strong></span> <span class='ocrx_word' id='word_1_278' title='bbox 864 2781 1008 2840; x_wconf 88' lang='lat' dir='ltr'><strong><em>innititur</em></strong></span> <span class='ocrx_word' id='word_1_279' title='bbox 1040 2777 1189 2853; x_wconf 84' lang='lat' dir='ltr'><strong><em>(ecclesia</em></strong></span> <span class='ocrx_word' id='word_1_280' title='bbox 1214 2796 1304 2859; x_wconf 90' lang='lat' dir='ltr'><strong><em>supra</em></strong></span> 
     </span>
     <span class='ocr_line' id='line_1_33' title="bbox 63 2863 1307 2944; baseline 0.001 -20"><span class='ocrx_word' id='word_1_281' title='bbox 63 2871 179 2944; x_wconf 88' lang='lat' dir='ltr'><strong><em>petram</em></strong></span> <span class='ocrx_word' id='word_1_282' title='bbox 202 2863 398 2942; x_wconf 85' lang='lat' dir='ltr'><strong><em>aedificata),</em></strong></span> <span class='ocrx_word' id='word_1_283' title='bbox 431 2883 491 2944; x_wconf 91' lang='lat' dir='ltr'><strong><em>quo</em></strong></span> <span class='ocrx_word' id='word_1_284' title='bbox 525 2867 660 2944; x_wconf 87' lang='lat' dir='ltr'><strong><em>peritior</em></strong></span> <span class='ocrx_word' id='word_1_285' title='bbox 688 2865 770 2939; x_wconf 82' lang='lat' dir='ltr'><strong><em>dua,</em></strong></span> <span class='ocrx_word' id='word_1_286' title='bbox 803 2884 892 2943; x_wconf 86' lang='lat' dir='ltr'><strong><em>quem</em></strong></span> <span class='ocrx_word' id='word_1_287' title='bbox 926 2867 960 2926; x_wconf 92' lang='lat' dir='ltr'><strong><em>in</em></strong></span> <span class='ocrx_word' id='word_1_288' title='bbox 982 2866 1093 2926; x_wconf 87' lang='lat' dir='ltr'><strong><em>semita</em></strong></span> <span class='ocrx_word' id='word_1_289' title='bbox 1124 2865 1307 2943; x_wconf 85' lang='lat' dir='ltr'><strong><em>periculoso</em></strong></span> 
     </span>
     <span class='ocr_line' id='line_1_34' title="bbox 65 2949 1305 3032; baseline 0 -22"><span class='ocrx_word' id='word_1_290' title='bbox 65 2952 207 3029; x_wconf 88' lang='lat' dir='ltr'><strong><em>sequitur</em></strong></span> <span class='ocrx_word' id='word_1_291' title='bbox 228 2949 400 3025; x_wconf 73' lang='lat' dir='ltr'><strong><em>(intuitione</em></strong></span> <span class='ocrx_word' id='word_1_292' title='bbox 431 2950 585 3012; x_wconf 89' lang='lat' dir='ltr'><strong><em>ecclesiae</em></strong></span> <span class='ocrx_word' id='word_1_293' title='bbox 608 2950 841 3032; x_wconf 89' lang='lat' dir='ltr'><strong><em>magisterium).</em></strong></span> <span class='ocrx_word' id='word_1_294' title='bbox 895 2950 1011 3022; x_wconf 83' lang='lat' dir='ltr'><strong><em>Quodsi</em></strong></span> <span class='ocrx_word' id='word_1_295' title='bbox 1043 2956 1193 3030; x_wconf 82' lang='lat' dir='ltr'><strong><em>interpres</em></strong></span> <span class='ocrx_word' id='word_1_296' title='bbox 1227 2949 1305 3011; x_wconf 86' lang='lat' dir='ltr'><strong><em>cath.</em></strong></span> 
     </span>
     <span class='ocr_line' id='line_1_35' title="bbox 66 3036 1305 3116; baseline 0 -19"><span class='ocrx_word' id='word_1_297' title='bbox 66 3037 122 3115; x_wconf 78' lang='lat' dir='ltr'><strong><em>qui·</em></strong></span> <span class='ocrx_word' id='word_1_298' title='bbox 136 3037 247 3098; x_wconf 90' lang='lat' dir='ltr'><strong><em>usdam</em></strong></span> <span class='ocrx_word' id='word_1_299' title='bbox 271 3055 296 3099; x_wconf 91' lang='lat' dir='ltr'><strong><em>s.</em></strong></span> <span class='ocrx_word' id='word_1_300' title='bbox 311 3037 571 3116; x_wconf 80' lang='lat' dir='ltr'><strong><em>Scripturaelocis</em></strong></span> <span class='ocrx_word' id='word_1_301' title='bbox 585 3037 675 3097; x_wconf 90' lang='lat' dir='ltr'><strong><em>alium</em></strong></span> <span class='ocrx_word' id='word_1_302' title='bbox 698 3037 866 3116; x_wconf 88' lang='lat' dir='ltr'><strong><em>subjiceret</em></strong></span> <span class='ocrx_word' id='word_1_303' title='bbox 888 3054 1023 3112; x_wconf 90' lang='lat' dir='ltr'><strong><em>sensum,</em></strong></span> <span class='ocrx_word' id='word_1_304' title='bbox 1048 3053 1134 3115; x_wconf 79' lang='lat' dir='ltr'><strong><em>quain</em></strong></span> <span class='ocrx_word' id='word_1_305' title='bbox 1160 3036 1212 3116; x_wconf 89' lang='lat' dir='ltr'><strong><em>qui</em></strong></span> <span class='ocrx_word' id='word_1_306' title='bbox 1235 3036 1305 3097; x_wconf 93' lang='lat' dir='ltr'><strong><em>usui</em></strong></span> 
     </span>
     <span class='ocr_line' id='line_1_36' title="bbox 64 3121 1305 3203; baseline 0.001 -20"><span class='ocrx_word' id='word_1_307' title='bbox 64 3121 221 3202; x_wconf 90' lang='lat' dir='ltr'><strong><em>loquendi,</em></strong></span> <span class='ocrx_word' id='word_1_308' title='bbox 254 3123 400 3185; x_wconf 86' lang='lat' dir='ltr'><strong><em>orationis</em></strong></span> <span class='ocrx_word' id='word_1_309' title='bbox 430 3124 524 3184; x_wconf 85' lang='lat' dir='ltr'><strong><em>nexui</em></strong></span> <span class='ocrx_word' id='word_1_310' title='bbox 556 3129 586 3184; x_wconf 90' lang='lat' dir='ltr'><strong><em>et</em></strong></span> <span class='ocrx_word' id='word_1_311' title='bbox 612 3121 767 3202; x_wconf 89' lang='lat' dir='ltr'><strong><em>loquentis</em></strong></span> <span class='ocrx_word' id='word_1_312' title='bbox 807 3123 973 3184; x_wconf 89' lang='lat' dir='ltr'><strong><em>conditioni</em></strong></span> <span class='ocrx_word' id='word_1_313' title='bbox 1002 3121 1189 3201; x_wconf 87' lang='lat' dir='ltr'><strong><em>respondet,</em></strong></span> <span class='ocrx_word' id='word_1_314' title='bbox 1213 3122 1305 3203; x_wconf 89' lang='lat' dir='ltr'><strong><em>idque</em></strong></span> 
     </span>
     <span class='ocr_line' id='line_1_37' title="bbox 65 3207 1305 3290; baseline 0 -21"><span class='ocrx_word' id='word_1_315' title='bbox 65 3208 193 3270; x_wconf 87' lang='lat' dir='ltr'><strong><em>huncin</em></strong></span> <span class='ocrx_word' id='word_1_316' title='bbox 216 3208 369 3286; x_wconf 77' lang='lat' dir='ltr'><strong><em>tinemut</em></strong></span> <span class='ocrx_word' id='word_1_317' title='bbox 391 3208 461 3270; x_wconf 88' lang='lat' dir='ltr'><strong><em>inde</em></strong></span> <span class='ocrx_word' id='word_1_318' title='bbox 486 3216 696 3290; x_wconf 85' lang='lat' dir='ltr'><strong><em>argumentum</em></strong></span> <span class='ocrx_word' id='word_1_319' title='bbox 720 3208 870 3290; x_wconf 89' lang='lat' dir='ltr'><strong><em>dogmatis</em></strong></span> <span class='ocrx_word' id='word_1_320' title='bbox 895 3207 1053 3287; x_wconf 89' lang='lat' dir='ltr'><strong><em>cujusdam</em></strong></span> <span class='ocrx_word' id='word_1_321' title='bbox 1077 3207 1305 3270; x_wconf 77' lang='lat' dir='ltr'><strong><em>‹lenionstrandi</em></strong></span> 
     </span>
    </p>
   </div>
   <div class='ocr_carea' id='block_1_2' title="bbox 65 3295 1305 3377">
    <p class='ocr_par' dir='ltr' id='par_1_4' title="bbox 65 3295 1305 3377">
     <span class='ocr_line' id='line_1_38' title="bbox 65 3295 1305 3377; baseline 0.001 -22"><span class='ocrx_word' id='word_1_322' title='bbox 65 3301 282 3376; x_wconf 85' lang='lat' dir='ltr'><strong><em>extorqueret:</em></strong></span> <span class='ocrx_word' id='word_1_323' title='bbox 315 3300 377 3357; x_wconf 91' lang='lat' dir='ltr'><strong><em>tum</em></strong></span> <span class='ocrx_word' id='word_1_324' title='bbox 410 3297 515 3375; x_wconf 88' lang='lat' dir='ltr'><strong><em>utiquc</em></strong></span> <span class='ocrx_word' id='word_1_325' title='bbox 546 3295 623 3357; x_wconf 89' lang='lat' dir='ltr'><strong><em>haec</em></strong></span> <span class='ocrx_word' id='word_1_326' title='bbox 647 3296 714 3376; x_wconf 86' lang='lat' dir='ltr'><strong><em>ejus</em></strong></span> <span class='ocrx_word' id='word_1_327' title='bbox 748 3296 861 3377; x_wconf 87' lang='lat' dir='ltr'><strong><em>agendi</em></strong></span> <span class='ocrx_word' id='word_1_328' title='bbox 883 3295 961 3357; x_wconf 86' lang='lat' dir='ltr'><strong><em>ratio</em></strong></span> <span class='ocrx_word' id='word_1_329' title='bbox 986 3300 1072 3356; x_wconf 89' lang='lat' dir='ltr'><strong><em>esset</em></strong></span> <span class='ocrx_word' id='word_1_330' title='bbox 1093 3295 1305 3377; x_wconf 87' lang='lat' dir='ltr'><strong><em>vituperanda,</em></strong></span> 
     </span>
    </p>
   </div>
   <div class='ocr_carea' id='block_1_3' title="bbox 90 3505 1305 4333">
    <p class='ocr_par' dir='ltr' id='par_1_5' title="bbox 90 3505 1305 4333">
     <span class='ocr_line' id='line_1_39' title="bbox 98 3505 1304 3577; baseline -0.004 -17"><span class='ocrx_word' id='word_1_331' title='bbox 98 3512 128 3577; x_wconf 70' lang='grc'><strong><em>1)</em></strong></span> <span class='ocrx_word' id='word_1_332' title='bbox 154 3509 208 3561; x_wconf 81' lang='lat' dir='ltr'><strong><em>cfr.</em></strong></span> <span class='ocrx_word' id='word_1_333' title='bbox 225 3508 324 3560; x_wconf 71' lang='lat' dir='ltr'><strong><em>sucu:</em></strong></span> <span class='ocrx_word' id='word_1_334' title='bbox 347 3508 381 3560; x_wconf 75' lang='lat' dir='ltr'><strong><em>lm</em></strong></span> <span class='ocrx_word' id='word_1_335' title='bbox 405 3507 505 3559; x_wconf 87' lang='lat' dir='ltr'><strong><em>lecture</em></strong></span> <span class='ocrx_word' id='word_1_336' title='bbox 532 3507 565 3558; x_wconf 89' lang='lat' dir='ltr'><strong><em>da</em></strong></span> <span class='ocrx_word' id='word_1_337' title='bbox 582 3506 607 3557; x_wconf 89' lang='lat' dir='ltr'><strong><em>la</em></strong></span> <span class='ocrx_word' id='word_1_338' title='bbox 634 3508 718 3558; x_wconf 85' lang='lat' dir='ltr'><strong><em>sainte</em></strong></span> <span class='ocrx_word' id='word_1_339' title='bbox 735 3505 809 3557; x_wconf 88' lang='lat' dir='ltr'><strong><em>Bible</em></strong></span> <span class='ocrx_word' id='word_1_340' title='bbox 828 3521 861 3556; x_wconf 87' lang='lat' dir='ltr'><strong><em>en</em></strong></span> <span class='ocrx_word' id='word_1_341' title='bbox 879 3505 975 3575; x_wconf 85' lang='lat' dir='ltr'><strong><em>langue</em></strong></span> <span class='ocrx_word' id='word_1_342' title='bbox 993 3507 1111 3576; x_wconf 84' lang='lat' dir='ltr'><strong><em>vulgaire</em></strong></span> <span class='ocrx_word' id='word_1_343' title='bbox 1129 3515 1190 3558; x_wconf 85' lang='lat' dir='ltr'><strong><em>tom.</em></strong></span> <span class='ocrx_word' id='word_1_344' title='bbox 1209 3506 1227 3556; x_wconf 98' lang='lat' dir='ltr'><strong><em>l.</em></strong></span> <span class='ocrx_word' id='word_1_345' title='bbox 1246 3521 1304 3572; x_wconf 89' lang='lat' dir='ltr'><strong><em>pag.</em></strong></span> 
     </span>
     <span class='ocr_line' id='line_1_40' title="bbox 90 3578 1305 3714; baseline -0.008 -13"><span class='ocrx_word' id='word_1_346' title='bbox 90 3648 136 3714; x_wconf 68' lang='grc'><strong><em>11)</em></strong></span> <span class='ocrx_word' id='word_1_347' title='bbox 154 3578 397 3700; x_wconf 49' lang='lat' dir='ltr'><strong><em>lllllhlsellqlliuheit</em></strong></span> <span class='ocrx_word' id='word_1_348' title='bbox 420 3645 467 3697; x_wconf 87' lang='lat' dir='ltr'><strong><em>der</em></strong></span> <span class='ocrx_word' id='word_1_349' title='bbox 490 3645 583 3696; x_wconf 89' lang='lat' dir='ltr'><strong><em>llirche</em></strong></span> <span class='ocrx_word' id='word_1_350' title='bbox 601 3661 661 3711; x_wconf 86' lang='lat' dir='ltr'><strong><em>pag.</em></strong></span> <span class='ocrx_word' id='word_1_351' title='bbox 680 3643 869 3705; x_wconf 78' lang='lat' dir='ltr'><strong><em>6031t1eein:</em></strong></span> <span class='ocrx_word' id='word_1_352' title='bbox 892 3644 994 3710; x_wconf 79' lang='lat' dir='ltr'><strong><em>System</em></strong></span> <span class='ocrx_word' id='word_1_353' title='bbox 1013 3645 1060 3696; x_wconf 89' lang='lat' dir='ltr'><strong><em>der</em></strong></span> <span class='ocrx_word' id='word_1_354' title='bbox 1079 3643 1148 3696; x_wconf 85' lang='lat' dir='ltr'><strong><em>luth.</em></strong></span> <span class='ocrx_word' id='word_1_355' title='bbox 1165 3642 1305 3710; x_wconf 80' lang='lat' dir='ltr'><strong><em>Dogrnatik</em></strong></span> 
     </span>
     <span class='ocr_line' id='line_1_41' title="bbox 155 3710 1303 3783; baseline -0.004 -16"><span class='ocrx_word' id='word_1_356' title='bbox 155 3732 218 3783; x_wconf 78' lang='lat' dir='ltr'><strong><em>pag.</em></strong></span> <span class='ocrx_word' id='word_1_357' title='bbox 236 3715 301 3778; x_wconf 78' lang='lat'><strong><em>1103</em></strong></span> <span class='ocrx_word' id='word_1_358' title='bbox 328 3713 464 3783; x_wconf 72' lang='lat' dir='ltr'><strong><em>Stolbergz</em></strong></span> <span class='ocrx_word' id='word_1_359' title='bbox 488 3712 752 3781; x_wconf 79' lang='lat' dir='ltr'><strong><em>llirchengeacliichts</em></strong></span> <span class='ocrx_word' id='word_1_360' title='bbox 778 3713 824 3764; x_wconf 88' lang='lat' dir='ltr'><strong><em>der</em></strong></span> <span class='ocrx_word' id='word_1_361' title='bbox 847 3713 967 3782; x_wconf 82' lang='lat' dir='ltr'><strong><em>Religion</em></strong></span> <span class='ocrx_word' id='word_1_362' title='bbox 993 3713 1056 3765; x_wconf 85' lang='lat' dir='ltr'><strong><em>lesu</em></strong></span> <span class='ocrx_word' id='word_1_363' title='bbox 1078 3712 1171 3765; x_wconf 83' lang='lat' dir='ltr'><strong><em>Christi</em></strong></span> <span class='ocrx_word' id='word_1_364' title='bbox 1188 3710 1225 3760; x_wconf 86' lang='lat' dir='ltr'><strong><em>&#39;lh</em></strong></span> <span class='ocrx_word' id='word_1_365' title='bbox 1252 3711 1303 3762; x_wconf 87' lang='lat' dir='ltr'><strong><em>Vll.</em></strong></span> 
     </span>
     <span class='ocr_line' id='line_1_42' title="bbox 155 3780 1304 3847; baseline -0.004 -10"><span class='ocrx_word' id='word_1_366' title='bbox 155 3785 182 3839; x_wconf 86' lang='lat' dir='ltr'><strong><em>S.</em></strong></span> <span class='ocrx_word' id='word_1_367' title='bbox 200 3784 262 3836; x_wconf 81' lang='lat'><strong><em>370.</em></strong></span> <span class='ocrx_word' id='word_1_368' title='bbox 297 3784 431 3847; x_wconf 85' lang='lat' dir='ltr'><strong><em>„L&#39;uction</em></strong></span> <span class='ocrx_word' id='word_1_369' title='bbox 457 3792 482 3834; x_wconf 90' lang='lat' dir='ltr'><strong><em>et</em></strong></span> <span class='ocrx_word' id='word_1_370' title='bbox 504 3783 544 3835; x_wconf 86' lang='lat' dir='ltr'><strong><em>les</em></strong></span> <span class='ocrx_word' id='word_1_371' title='bbox 568 3783 686 3834; x_wconf 85' lang='lat' dir='ltr'><strong><em>discours</em></strong></span> <span class='ocrx_word' id='word_1_372' title='bbox 717 3781 750 3832; x_wconf 92' lang='lat' dir='ltr'><strong><em>de</em></strong></span> <span class='ocrx_word' id='word_1_373' title='bbox 774 3782 939 3834; x_wconf 80' lang='lat' dir='ltr'><strong><em>lesu-Christ</em></strong></span> <span class='ocrx_word' id='word_1_374' title='bbox 956 3791 1002 3833; x_wconf 88' lang='lat' dir='ltr'><strong><em>ont</em></strong></span> <span class='ocrx_word' id='word_1_375' title='bbox 1019 3784 1061 3833; x_wconf 81' lang='lat' dir='ltr'><strong><em>ets</em></strong></span> <span class='ocrx_word' id='word_1_376' title='bbox 1080 3782 1220 3847; x_wconf 75' lang='lat' dir='ltr'><strong><em>consignes</em></strong></span> <span class='ocrx_word' id='word_1_377' title='bbox 1239 3780 1304 3832; x_wconf 90' lang='lat' dir='ltr'><strong><em>dans</em></strong></span> 
     </span>
     <span class='ocr_line' id='line_1_43' title="bbox 152 3849 1304 3920; baseline -0.007 -13"><span class='ocrx_word' id='word_1_378' title='bbox 152 3854 194 3907; x_wconf 86' lang='lat' dir='ltr'><strong><em>les</em></strong></span> <span class='ocrx_word' id='word_1_379' title='bbox 211 3853 292 3905; x_wconf 83' lang='lat' dir='ltr'><strong><em>livrcs</em></strong></span> <span class='ocrx_word' id='word_1_380' title='bbox 310 3855 399 3916; x_wconf 76' lang='lat' dir='ltr'><strong><em>saion,</em></strong></span> <span class='ocrx_word' id='word_1_381' title='bbox 419 3853 469 3903; x_wconf 84' lang='lat' dir='ltr'><strong><em>alin</em></strong></span> <span class='ocrx_word' id='word_1_382' title='bbox 488 3869 538 3920; x_wconf 89' lang='lat' dir='ltr'><strong><em>que</em></strong></span> <span class='ocrx_word' id='word_1_383' title='bbox 557 3851 581 3903; x_wconf 90' lang='lat' dir='ltr'><strong><em>la</em></strong></span> <span class='ocrx_word' id='word_1_384' title='bbox 599 3853 724 3903; x_wconf 82' lang='lat' dir='ltr'><strong><em>mimoira</em></strong></span> <span class='ocrx_word' id='word_1_385' title='bbox 743 3851 776 3903; x_wconf 89' lang='lat' dir='ltr'><strong><em>de</em></strong></span> <span class='ocrx_word' id='word_1_386' title='bbox 795 3868 822 3902; x_wconf 84' lang='lat' dir='ltr'><strong><em>sa</em></strong></span> <span class='ocrx_word' id='word_1_387' title='bbox 841 3854 893 3915; x_wconf 85' lang='lat' dir='ltr'><strong><em>rie,</em></strong></span> <span class='ocrx_word' id='word_1_388' title='bbox 914 3852 946 3903; x_wconf 86' lang='lat' dir='ltr'><strong><em>de</em></strong></span> <span class='ocrx_word' id='word_1_389' title='bbox 964 3858 1069 3904; x_wconf 84' lang='lat' dir='ltr'><strong><em>samort</em></strong></span> <span class='ocrx_word' id='word_1_390' title='bbox 1087 3858 1112 3900; x_wconf 89' lang='lat' dir='ltr'><strong><em>et</em></strong></span> <span class='ocrx_word' id='word_1_391' title='bbox 1126 3849 1158 3899; x_wconf 89' lang='lat' dir='ltr'><strong><em>de</em></strong></span> <span class='ocrx_word' id='word_1_392' title='bbox 1177 3864 1220 3901; x_wconf 87' lang='lat' dir='ltr'><strong><em>ses</em></strong></span> <span class='ocrx_word' id='word_1_393' title='bbox 1240 3866 1304 3915; x_wconf 90' lang='lat' dir='ltr'><strong><em>pro-</em></strong></span> 
     </span>
     <span class='ocr_line' id='line_1_44' title="bbox 150 3916 1304 3988; baseline -0.004 -14"><span class='ocrx_word' id='word_1_394' title='bbox 150 3936 254 3974; x_wconf 78' lang='lat' dir='ltr'><strong><em>nesses</em></strong></span> <span class='ocrx_word' id='word_1_395' title='bbox 281 3921 320 3972; x_wconf 85' lang='lat' dir='ltr'><strong><em>ldt</em></strong></span> <span class='ocrx_word' id='word_1_396' title='bbox 348 3921 407 3988; x_wconf 88' lang='lat' dir='ltr'><strong><em>plus</em></strong></span> <span class='ocrx_word' id='word_1_397' title='bbox 432 3924 564 3973; x_wconf 76' lang='lat' dir='ltr'><strong><em>adremant</em></strong></span> <span class='ocrx_word' id='word_1_398' title='bbox 583 3921 728 3972; x_wconf 78' lang='lat' dir='ltr'><strong><em>conservio</em></strong></span> <span class='ocrx_word' id='word_1_399' title='bbox 752 3920 816 3971; x_wconf 86' lang='lat' dir='ltr'><strong><em>dans</em></strong></span> <span class='ocrx_word' id='word_1_400' title='bbox 840 3919 956 3988; x_wconf 85' lang='lat' dir='ltr'><strong><em>l&#39;Eglias,</em></strong></span> <span class='ocrx_word' id='word_1_401' title='bbox 992 3928 1019 3970; x_wconf 89' lang='lat' dir='ltr'><strong><em>st</em></strong></span> <span class='ocrx_word' id='word_1_402' title='bbox 1051 3932 1101 3985; x_wconf 87' lang='lat' dir='ltr'><strong><em>que</em></strong></span> <span class='ocrx_word' id='word_1_403' title='bbox 1120 3916 1158 3968; x_wconf 88' lang='lat' dir='ltr'><strong><em>les</em></strong></span> <span class='ocrx_word' id='word_1_404' title='bbox 1177 3916 1250 3969; x_wconf 88' lang='lat' dir='ltr'><strong><em>chefs</em></strong></span> <span class='ocrx_word' id='word_1_405' title='bbox 1270 3919 1304 3969; x_wconf 91' lang='lat' dir='ltr'><strong><em>du</em></strong></span> 
     </span>
     <span class='ocr_line' id='line_1_45' title="bbox 150 3986 1304 4058; baseline -0.004 -15"><span class='ocrx_word' id='word_1_406' title='bbox 150 3990 251 4058; x_wconf 86' lang='lat' dir='ltr'><strong><em>peuple</em></strong></span> <span class='ocrx_word' id='word_1_407' title='bbox 274 3989 352 4042; x_wconf 79' lang='lat' dir='ltr'><strong><em>fidele</em></strong></span> <span class='ocrx_word' id='word_1_408' title='bbox 379 4000 488 4057; x_wconf 79' lang='lat' dir='ltr'><strong><em>possent</em></strong></span> <span class='ocrx_word' id='word_1_409' title='bbox 514 3990 571 4057; x_wconf 89' lang='lat' dir='ltr'><strong><em>plus</em></strong></span> <span class='ocrx_word' id='word_1_410' title='bbox 596 3992 723 4040; x_wconf 80' lang='lat' dir='ltr'><strong><em>sisiment</em></strong></span> <span class='ocrx_word' id='word_1_411' title='bbox 746 3991 872 4056; x_wconf 77' lang='lat' dir='ltr'><strong><em>reprimor</em></strong></span> <span class='ocrx_word' id='word_1_412' title='bbox 895 4006 928 4040; x_wconf 87' lang='lat' dir='ltr'><strong><em>eu</em></strong></span> <span class='ocrx_word' id='word_1_413' title='bbox 952 4002 1046 4054; x_wconf 78' lang='lat' dir='ltr'><strong><em>moyen</em></strong></span> <span class='ocrx_word' id='word_1_414' title='bbox 1070 3986 1116 4037; x_wconf 89' lang='lat' dir='ltr'><strong><em>des</em></strong></span> <span class='ocrx_word' id='word_1_415' title='bbox 1140 3996 1304 4038; x_wconf 80' lang='lat' dir='ltr'><strong><em>monunrents</em></strong></span> 
     </span>
     <span class='ocr_line' id='line_1_46' title="bbox 151 4057 1304 4126; baseline -0.003 -15"><span class='ocrx_word' id='word_1_416' title='bbox 151 4060 232 4111; x_wconf 79' lang='lat' dir='ltr'><strong><em>derits</em></strong></span> <span class='ocrx_word' id='word_1_417' title='bbox 250 4059 284 4110; x_wconf 89' lang='lat' dir='ltr'><strong><em>da</em></strong></span> <span class='ocrx_word' id='word_1_418' title='bbox 302 4059 327 4112; x_wconf 79' lang='lat' dir='ltr'><strong><em>lu</em></strong></span> <span class='ocrx_word' id='word_1_419' title='bbox 345 4060 465 4111; x_wconf 87' lang='lat' dir='ltr'><strong><em>tradition</em></strong></span> <span class='ocrx_word' id='word_1_420' title='bbox 483 4060 570 4111; x_wconf 82' lang='lat' dir='ltr'><strong><em>divina</em></strong></span> <span class='ocrx_word' id='word_1_421' title='bbox 588 4058 613 4110; x_wconf 84' lang='lat' dir='ltr'><strong><em>la</em></strong></span> <span class='ocrx_word' id='word_1_422' title='bbox 630 4059 748 4110; x_wconf 74' lang='lat' dir='ltr'><strong><em>timenti</em></strong></span> <span class='ocrx_word' id='word_1_423' title='bbox 768 4059 815 4109; x_wconf 83' lang='lat' dir='ltr'><strong><em>des</em></strong></span> <span class='ocrx_word' id='word_1_424' title='bbox 840 4059 997 4126; x_wconf 73' lang='lat' dir='ltr'><strong><em>teretiques,</em></strong></span> <span class='ocrx_word' id='word_1_425' title='bbox 1016 4057 1060 4124; x_wconf 89' lang='lat' dir='ltr'><strong><em>qui</em></strong></span> <span class='ocrx_word' id='word_1_426' title='bbox 1075 4057 1206 4107; x_wconf 86' lang='lat' dir='ltr'><strong><em>oseraieut</em></strong></span> <span class='ocrx_word' id='word_1_427' title='bbox 1222 4059 1304 4107; x_wconf 80' lang='lat' dir='ltr'><strong><em>rivo-</em></strong></span> 
     </span>
     <span class='ocr_line' id='line_1_47' title="bbox 150 4124 1303 4262; baseline -0.004 -13"><span class='ocrx_word' id='word_1_428' title='bbox 150 4143 270 4249; x_wconf 51' lang='lat' dir='ltr'><strong><em>ittet</em></strong></span> <span class='ocrx_word' id='word_1_429' title='bbox 288 4128 425 4249; x_wconf 64' lang='lat' dir='ltr'><strong><em>“tisis</em></strong></span> <span class='ocrx_word' id='word_1_430' title='bbox 443 4127 610 4250; x_wconf 53' lang='lat' dir='ltr'><strong><em>letalis</em></strong></span> <span class='ocrx_word' id='word_1_431' title='bbox 628 4124 1303 4262; x_wconf 54' lang='grc'><strong><em>1111111111111111311111·</em></strong></span> 
     </span>
     <span class='ocr_line' id='line_1_48' title="bbox 150 4211 1300 4333; baseline -0.003 -14"><span class='ocrx_word' id='word_1_432' title='bbox 150 4214 230 4319; x_wconf 56' lang='lat' dir='ltr'><strong><em>ilium</em></strong></span> <span class='ocrx_word' id='word_1_433' title='bbox 249 4213 310 4333; x_wconf 74' lang='lat' dir='ltr'><strong><em>plagp</em></strong></span> <span class='ocrx_word' id='word_1_434' title='bbox 331 4265 389 4319; x_wconf 85' lang='grc'><strong>171.</strong></span> <span class='ocrx_word' id='word_1_435' title='bbox 409 4267 485 4319; x_wconf 86' lang='lat' dir='ltr'><strong><em>dicta.</em></strong></span> <span class='ocrx_word' id='word_1_436' title='bbox 633 4214 649 4264; x_wconf 69' lang='lat' dir='ltr'><strong>p</strong></span> <span class='ocrx_word' id='word_1_437' title='bbox 807 4242 810 4248; x_wconf 90' lang='lat'><strong><em>.</em></strong></span> <span class='ocrx_word' id='word_1_438' title='bbox 1006 4234 1011 4245; x_wconf 37' lang='grc' dir='ltr'>Ι</span> <span class='ocrx_word' id='word_1_439' title='bbox 1068 4231 1074 4245; x_wconf 47' lang='lat'>⁸</span> <span class='ocrx_word' id='word_1_440' title='bbox 1127 4211 1152 4264; x_wconf 37' lang='lat' dir='ltr'><strong><em>g·</em></strong></span> <span class='ocrx_word' id='word_1_441' title='bbox 1224 4231 1230 4245; x_wconf 46' lang='lat'>⁸</span> <span class='ocrx_word' id='word_1_442' title='bbox 1295 4234 1300 4245; x_wconf 27' lang='grc' dir='ltr'>ι</span> 
     </span>
    </p>
   </div>
   <div class='ocr_carea' id='block_1_4' title="bbox 0 0 1442 4896">
    <p class='ocr_par' dir='ltr' id='par_1_6' title="bbox 0 0 1442 4896">
     <span class='ocr_line' id='line_1_49' title="bbox 0 0 1442 4896; baseline 0 0"><span class='ocrx_word' id='word_1_443' title='bbox 0 0 1442 4896; x_wconf 95' lang='lat' dir='ltr'><strong><em> </em></strong></span> 
     </span>
    </p>
   </div>
  </div>
 </body>
</html>
