2834 4896
126 198 189 268 iso

211 372 242 435 3.
285 369 470 434 Lectionum
491 366 694 443 variantium,
714 369 828 447 quibus
850 391 965 435 sensus
994 371 1148 453 afficitur,
1181 383 1361 437 accuratum

123 477 255 527 eaamen
276 460 430 531 instituat,
453 463 483 516 et
500 472 561 533 pro
583 452 700 528 majori
721 468 974 535 argumentorum
996 468 1281 538 inruenternorum,
1303 471 1363 523 tum

123 550 318 613 internorum
337 540 477 623 pondere
499 541 550 601 ael
572 538 735 600 lectionem
758 550 879 617 teoms,
910 565 999 625 quem
1021 565 1057 607 se
1087 550 1120 607 in
1142 565 1257 625 ponere
1280 550 1364 627 sequi

44 674 47 683 ·
119 633 302 725 prolitciur,
324 630 376 691 ael
396 645 491 689 unam
513 643 529 685 c
552 626 754 687 variantibus
774 632 1017 710 praeferendam
1039 651 1109 707 esse
1132 633 1261 699 doceat„

210 718 242 780 ti.
288 714 505 793 Quaecumque
537 711 590 772 ael
616 709 825 793 pbilolopicc,
848 718 901 778 ael
928 710 1154 785 bermeneaticc¹
1189 717 1287 781 dubia
1315 728 1366 782 out

124 808 230 881 minus
247 801 412 885 pellucido
433 806 516 872 sunt,
539 795 650 857 sedulo
673 802 840 877 enpcndat,
864 803 998 887 ideoque
1019 820 1106 864 nsum
1130 803 1282 885 loquendi
1303 805 1367 866 sira

124 908 282 975 maecum,
305 888 374 952 sira
393 883 627 958 hellenisticum,
651 882 719 943 sive
743 885 948 967 christianam,
972 888 1114 971 huncque
1137 891 1210 951 sive
1228 906 1366 951 commn-

123 982 206 1059 inent,
229 974 295 1039 sire
318 973 504 1057 singularem
524 968 677 1050 (cujusvis
687 974 839 1048 auctoris)
863 974 1082 1055 quolibetloco
1094 974 1263 1039 adhibitum
1278 976 1366 1038 dubio

125 1065 253 1137 orienta-
268 1059 473 1131 demonstrem
506 1054 679 1138 ambiguam
709 1055 845 1135 pluribus
868 1061 1034 1143 exemplis,
1069 1063 1095 1124 si
1128 1068 1255 1144 praesto
1286 1068 1363 1139 sunt,

125 1157 242 1227 certum
263 1145 391 1225 reddat,
420 1150 472 1207 aut
500 1140 608 1204 saltem
631 1158 690 1221 cpe
713 1146 920 1230 etymologiae
944 1155 975 1211 ct
998 1148 1158 1230 analogiae
1189 1147 1316 1230 linguae
1338 1153 1367 1209 ct

124 1232 324 1301 dialectorum
346 1231 385 1295 ad
406 1230 555 1312 maJorcm
586 1226 807 1309 probabilitatis
838 1232 968 1317 gradum
1000 1232 1150 1311 adducat3
1186 1252 1301 1317 vagum
1331 1232 1368 1297 ad

125 1326 311 1398 contextum,
333 1318 402 1381 loca
424 1312 578 1401 paralleli,
602 1314 756 1394 loquentis
780 1319 995 1399 conditionem,
1020 1320 1191 1403 analogiam
1213 1319 1288 1382 lidci
1310 1338 1366 1391 en-

125 1414 226 1472 actum
249 1405 447 1481 determinem
470 1401 620 1482 tropicam
643 1405 695 1461 aut
716 1403 871 1483 propriam
885 1407 1217 1490 necessitateurgcnte
1241 1405 1365 1488 probct3

123 1490 357 1579 irgnmentandi
378 1489 511 1565 modum,
535 1486 699 1568 figurarum
721 1487 945 1555 rhetoricarum
965 1493 1219 1573 autpoe'licarnm
1242 1490 1368 1553 formam

125 1584 163 1645 ct.
178 1580 248 1657 vim,
271 1595 331 1642 nec
353 1593 416 1639 non
439 1576 588 1637 dictorum
611 1573 741 1654 pretium
754 1576 957 1644 oestheticnm
971 1577 1127 1660 dijudicet,
1152 1578 1369 1659 etubicunqne

123 1668 231 1730 riotatu
253 1663 377 1746 dignior
395 1662 530 1725 varietas
553 1660 837 1740 interpretationum
858 1664 959 1728 locum
982 1663 1084 1743 babet,
1108 1665 1271 1727 alearum
1295 1682 1369 1726 exa-

123 1754 205 1816 minc
227 1750 310 1814 nullo
332 1748 424 1812 modo
447 1747 607 1822 abstineat,
631 1763 671 1806 nc
695 1748 972 1825 quandamtcmcrc
994 1748 1177 1832 praetulisse
1197 1756 1369 1812 censeatur.

213 1839 243 1901 5.
290 1836 349 1901 Ubi
369 1835 548 1898 obscuritas
572 1831 799 1911 ambiguitasae
823 1855 844 1897 a
864 1840 1025 1918 peculiari
1047 1855 1153 1898 rerum
1178 1846 1235 1898 aut
1255 1846 1367 1917 pinso-

123 1941 235 1989 uarum
258 1923 446 1986 biblicarum
468 1919 646 1982 conditione
669 1921 780 1998 oritur,
804 1941 868 1984 non
891 1932 1010 1986 tontum
1032 1924 1204 2003 simplicem
1227 1930 1367 1985 etorm-

123 2020 227 2074 ratam
249 2024 358 2072 earam
380 2009 621 2084 descriptionem
640 2006 806 2083 pracbeot3
829 2012 890 2072 sed
906 2011 1023 2089 sontes,
1046 2006 1127 2071 unde
1151 2011 1235 2072 banc
1258 2010 1368 2089 cogni-

123 2100 238 2162 it‘Otiem
260 2097 412 2171 hauserit,
435 2094 531 2155 simul
551 2093 704 2167 nominet,
737 2096 870 2176 ipsaque
900 2106 1040 2160 veterum
1071 2098 1266 2176 scriptorum
1289 2092 1369 2171 loca,

123 2186 159 2247 in
181 2190 329 2263 quantum
350 2181 422 2259 fieri
440 2186 554 2259 potest,
577 2177 711 2255 adserat.

211 2269 243 2331 6.
288 2264 448 2341 Quomodo
471 2264 693 2343 inpressiones
715 2263 832 2328 deDeo
854 2268 1055 2350 symbolicae,
1078 2266 1239 2329 adbibitae
1263 2265 1369 2328 adDoi

122 2349 649 2438 proprietotcrearumqueoffectus
671 2351 849 2417 bominibus
872 2357 1008 2419 bumana
1029 2355 1121 2417 modo
1134 2353 1369 2434 proponendas,

125 2444 160 2504 in
181 2438 318 2521 singuiis
341 2441 419 2502 locis
441 2436 663 2517 intellipendae
685 2439 758 2514 sint,
779 2445 948 2520 perspicue
972 2450 1116 2520 eaponot.

213 2533 241 2591 7.
286 2526 321 2587 Si
343 2528 449 2606 agitur
470 2525 508 2585 de
531 2524 727 2601 oppositione
751 2526 894 2588 locorum
920 2528 950 2589 V.
973 2528 1007 2588 Τ.
1029 2529 1063 2588 in
1085 2526 1122 2588 N.
1144 2524 1179 2587 F.
1202 2544 1224 2586 a
1247 2524 1369 2587 Obrista

125 2611 346 2693 celApostalis
369 2611 588 2685 adhibitorum,
610 2610 738 2670 illarum
760 2613 930 2675 allatorum
950 2622 1015 2676 tum
1036 2614 1171 2688 modum,
1194 2620 1262 2673 tum
1281 2612 1371 2689 finem

127 2701 319 2770 determinet,
339 2698 484 2776 buncque
508 2698 701 2773 argumentis
720 2698 847 2774 firmet,
873 2710 904 2762 et
924 2702 958 2761 in
986 2701 1092 2779 specie
1115 2717 1245 2759 sensam
1268 2699 1371 2758 citatis

126 2806 148 2849 a
171 2786 312 2866 loquente
325 2781 691 2863 quocunquesubjectum
713 2782 1206 2848 dilucidetetsententiomsuam
1226 2783 1351 2862 probet.

214 2870 246 2933 8.
292 2869 471 2950 Ubicunque
507 2885 616 2949 pugna
656 2869 739 2929 inter
770 2873 859 2933 airas
889 2873 1066 2951 inspiratos
1091 2871 1204 2933 adesse
1239 2869 1370 2943 ridetur,

126 2959 197 3038 ejus
216 2956 321 3034 [antes
344 2955 484 3035 detegat,
519 2963 548 3016 et
578 2953 731 3031 quomodo
765 2956 849 3018 dicta
879 2959 1048 3039 coluciiiari
1065 2959 1200 3037 possint,
1232 2954 1370 3019 docendo

126 3046 262 3125 speciem
284 3041 545 3120 enantiopbaniae
568 3049 744 3108 romonem,-
766 3043 880 3121 quodsi
901 3063 976 3107 aera
999 3045 1173 3124 scriptores
1204 3060 1319 3103 sacros
1341 3041 1371 3100 in

126 3128 312 3213 quibusdam
336 3129 415 3189 locis
438 3144 495 3205 ope
518 3125 732 3187 subsidiorum
754 3128 913 3209 bucusque
940 3131 1135 3210 capnitcram
1168 3124 1371 3189 conciliando

126 3218 230 3296 impar
253 3224 350 3291 esset,
388 3213 601 3292 ignorantiam
620 3213 727 3291 potius
758 3233 849 3276 suurn
880 3218 1003 3279 sincere
1022 3215 1182 3295 fateatur,
1214 3211 1370 3295 quoinde

122 3321 232 3387 pugna
252 3318 465 3385 praepropere
488 3299 671 3360 conclamet.

213 3387 244 3451 9.
293 3387 471 3450 Versionem
503 3391 534 3446 et
562 3383 786 3463 paraphrasim
809 3386 839 3446 si
860 3405 924 3449 uon
945 3388 1126 3449 continuam
1149 3385 1307 3463 enbibeat,
1329 3383 1373 3446 ibi

125 3472 241 3537 saltem
262 3493 326 3535 non
345 3472 472 3552 penitus
495 3471 640 3551 neplipat,
664 3469 720 3531 ubi
740 3480 796 3534 aut
817 3476 980 3535 versiones
992 3481 1153 3536 ecstantes
1164 3472 1371 3553 corrigendae

126 3568 209 3636 sunt,
231 3566 288 3623 aut
307 3577 408 3633 nemas
430 3556 628 3619 membrorum
651 3556 772 3636 lapibus
794 3557 961 3621 obscurior
983 3569 1045 3638 est,
1077 3576 1170 3640 quam
1198 3567 1236 3621 ut
1257 3556 1370 3639 absque

127 3646 419 3725 circumscriptione
441 3644 529 3707 clare
548 3644 774 3722 perspiciatur.
1172 3650 1175 3657 '

218 3732 269 3793 10.
315 3726 436 3813 Quodsi
457 3732 561 3809 major
582 3732 873 3809 interpretationum
894 3730 1036 3793 uarietas
1058 3730 1235 3800 invenitur,
1259 3738 1291 3792 et
1313 3727 1370 3790 loci

126 3822 271 3901 grauitas
295 3816 467 3896 lonpiorcm
489 3817 743 3878 dissertationem
766 3818 914 3896 requirit,
937 3835 1019 3897 quae
1040 3816 1122 3878 bunc
1145 3818 1179 3876 iu
1199 3817 1295 3894 finem
1316 3833 1369 3876 ne·

126 3907 273 3968 cessaria
295 3912 378 3980 sont,
401 3920 464 3964 uon
485 3905 519 3964 iu
528 3905 744 3964 commentarii
765 3903 834 3964 laco
844 3911 1044 3982 competente,
1067 3902 1127 3964 scd
1147 3904 1181 3963 in
1201 3902 1266 3981 plue
1290 3900 1368 3974 iibri,

126 3993 161 4054 in
179 3989 399 4071 peculiaribus
421 3990 608 4051 occursibus
631 3990 764 4068 adferat.
811 3989 951 4069 Denique
1358 3986 1361 3991 ’

218 4076 270 4138 11.
314 4094 394 4138 usus
418 4077 557 4138 locorum
579 4076 773 4156 dogmaticos
794 4083 826 4137 et
842 4077 1007 4155 practicos
1024 4094 1086 4155 pro
1099 4071 1252 4135 lectbrum
1266 4071 1370 4134 dica-

127 4162 222 4225 citate
245 4172 301 4226 aut
321 4162 451 4225 uberius
473 4180 639 4243 inponere,
662 4171 718 4225 ant
735 4164 850 4242 paucis
860 4167 971 4224 saltem
993 4163 1124 4224 innuere
1137 4176 1300 4241 uunquam
1319 4174 1370 4218 su-

125 4249 277 4330 perfluum
300 4251 368 4312 erit.
409 4328 412 4333 1
904 4274 907 4279 ·

215 4335 267 4396 Ad
287 4336 376 4398 dotes
394 4334 591 4416 praestantis
613 4334 830 4396 commentarii
848 4335 993 4414 pertinet,
1015 4332 1115 4394 utsii

214 4427 255 4496 a)
275 4424 380 4501 tidelis
402 4429 465 4485 tum
486 4423 517 4481 in
541 4422 609 4500 ipsc
633 4436 728 4482 sensu
750 4437 775 4480 s.
798 4419 976 4500 Scripturas
996 4415 1219 4499 proponenda,
1251 4420 1314 4476 tum
1343 4411 1369 4474 in

128 4509 244 4575 notitiis
267 4509 304 4572 ad
327 4508 586 4589 interpretationis
610 4505 892 4587 comprobationem
914 4505 1036 4568 aliunde
1059 4504 1174 4579 allatis3
