2834 4896
1262 89 1325 159 tet

82 276 241 341 molestias
263 272 465 358 perferendus
485 289 559 339 esse
580 279 741 355 paratum,¹
774 295 865 358 quam
899 279 1052 346 vindictae
1080 278 1218 362 privatae
1248 274 1324 338 dare

81 364 196 427 locum.
219 398 262 417 -ψ
284 362 316 427 Si
339 378 432 442 porro
466 362 615 443 praecipit
636 360 729 424 lesus
752 363 803 427 Mt
827 366 858 445 5,
880 365 953 429 42.ι
979 369 1058 447 ,Qui
1081 365 1156 448 petit
1179 381 1196 426 a
1219 369 1261 438 le,
1285 360 1326 423 de

83 451 124 529 ei,
146 456 181 512 et
203 449 318 513 volenti
342 449 473 512 mutuari
494 466 513 509 a
535 453 565 511 tc
587 466 627 511 ne
650 451 832 526 everteris,“
857 452 918 515 hoc
939 472 1002 517 non
1022 454 1166 517 absolute
1182 447 1324 529 intelligi,

83 543 116 601 ct
138 536 283 599 omnibus
304 535 335 596 in
359 534 592 598 circumstantiis
615 535 774 598 observari
789 539 895 617 voluit,
918 558 948 602 v.
964 560 994 623 g.
1017 542 1045 604 si
1064 538 1166 602 infans
1184 536 1324 612 cultrum,

82 624 110 687 si
132 622 317 685 furibundus
340 619 485 703 gladium,
508 620 761 702 desperabundus
782 643 944 703 venenum,
968 627 1109 690 ebrietati
1129 623 1250 687 deditus
1263 620 1325 683 sti·-

80 727 152 792 pem
176 715 239 771 etc.
272 708 451 789 poposcerit
458 726 467 783 ;
502 706 559 769 sed
581 708 806 772 restrictionem
829 711 921 774 docet
943 719 1008 775 tum
1029 717 1203 787 contextus,
1226 724 1328 770 occa-

81 798 131 858 sio
155 795 311 857 sermonls
335 799 367 855 et
386 793 463 856 lesu
486 789 695 870 consilium,
718 800 781 857 tum
803 812 914 860 sensus
938 799 1119 876 communis,
1143 805 1206 860 tum
1228 812 1324 875 prae-

81 889 206 962 ceptum
237 879 408 942 mummium.
454 877 515 941 Cir.
543 879 617 941 Luc.
653 879 703 957 lt,
726 882 779 946 26.
803 901 871 945 cum
893 884 944 948 llll.
971 885 1022 966 15,
1047 883 1077 948 3.
1102 902 1191 965 seqq.
1213 887 1246 944 el
1278 880 1326 944 Jo.

85 968 136 1047 te,
159 965 301 1032 26-28ι
318 965 444 1033 ¹Coloss.
467 966 498 1044 2,
521 965 573 1031 20.
598 984 667 1028 curn
687 966 755 1029 Act
777 968 810 1049 4,
835 970 887 1033 19.

84 1208 130 1273 Dc
150 1186 312 1290 fontibus,
330 1227 347 1270 c
369 1208 484 1291 quibos
504 1207 682 1271 momenta
703 1216 753 1272 cst
773 1210 965 1275 conditionis
985 1228 1196 1293 personarum
1210 1212 1328 1277 uelatis

556 1294 691 1357 biblicae
713 1297 859 1375 coquitc'o.

658 1514 688 1584 §.
709 1508 761 1570 80.

656 1643 764 1697 Divisio.

172 1787 429 1851 llermeneuticae
457 1804 520 1849 non
552 1794 611 1862 est,
641 1804 842 1869 personarum
871 1785 1061 1871 biblicarum,
1094 1787 1114 1850 i.
1149 1807 1176 1850 c.
1212 1800 1332 1865 carum,¹

86 1892 169 1957 quae
200 1875 233 1935 in
255 1886 307 1937 ss.
340 1873 437 1937 literis
460 1872 623 1955 loquentes
646 1880 816 1957 egentesve
839 1872 997 1952 sistuntur,
1021 1880 1072 1936 out
1094 1890 1184 1955 quae,
1208 1877 1241 1933 ut
1264 1871 1337 1935 ali--

84 1962 161 2043 qnid
196 1960 353 2023 diceretur
381 1961 432 2022 vel
461 1962 626 2043 ageretur,
659 1961 856 2023 occasionem
877 1960 1095 2042 praebuerunt,
1120 1958 1327 2022 conditionem

84 2048 239 2111 internam
261 2046 462 2122 describere3
496 2053 628 2109 ettamen
648 2046 753 2126 fontes
774 2048 937 2110 indicendi
965 2055 1058 2125 sunt,
1093 2065 1109 2108 c
1132 2046 1244 2127 quibes
1266 2063 1325 2106 co-

84 2136 187 2214 psits’o
210 2134 287 2195 boec
310 2134 485 2210 bausiator,
509 2143 541 2196 et
560 2136 614 2214 qui
631 2152 693 2213 pro
717 2134 835 2213 triplici
847 2135 950 2214 specie
965 2135 1122 2195 bominum
1142 2131 1329 2194 biblicerum

85 2221 249 2282 commode
278 2221 312 2281 in
343 2228 407 2282 tros
437 2220 560 2283 classes
594 2219 695 2282 diuidi
722 2227 874 2302 possunt,
897 2222 1043 2282 mimirum
1065 2222 1099 2283 s'n
1121 2218 1324 2294 christianes,

79 2308 237 2386 judcicm
257 2314 292 2369 ct
310 2307 460 2369 etbntces.

660 2498 691 2568 §.
712 2491 763 2555 64.

519 2636 543 2691 Ν
559 2626 599 2681 De
618 2628 733 2682 lontibus
758 2629 902 2682 christianis

607 2790 639 2856 e)
658 2788 816 2839 orthodoxis.

172 2908 224 2974 Ad
247 2909 304 2973 bos
326 2908 501 2993 pertinent:

180 3015 209 3077 1.
232 3012 325 3076 Lttrt
344 3015 432 3077 sacri
453 3012 492 3077 N.
517 3012 559 3092 T,
584 3023 738 3095 quotenus
760 3016 866 3096 opiter

173 3122 214 3195 a)
246 3119 284 3180 do
317 3118 478 3199 cepltcndi
505 3119 720 3200 sentiendique
750 3120 873 3181 ratione
903 3133 976 3179 cere
999 3114 1176 3179 christiano
1198 3122 1230 3177 et
1249 3132 1332 3195 opo-

89 3205 215 3282 stols'ca,
245 3202 328 3286 quod
357 3205 493 3267 uberiori
524 3204 783 3267 demonstratione
812 3221 874 3266 non
913 3202 1050 3284 indiget,
1082 3202 1125 3266 ita
1161 3206 1195 3263 ut
1227 3201 1332 3264 valeat

89 3290 219 3374 regula:
251 3290 349 3354 Nolle
371 3292 526 3354 sententia
557 3310 630 3353 ecre
663 3292 839 3353 christiane
861 3290 1005 3353 babendo
1026 3295 1084 3368 est,
1116 3305 1197 3368 quac
1228 3287 1330 3351 claris

91 3374 209 3441 borum'
226 3377 379 3441 librorum
401 3374 633 3461 effatisqapcrte
655 3385 830 3458 repcpnetr

177 3481 216 3558 b)
240 3481 278 3542 dc
310 3482 493 3544 cburccterc
520 3481 598 3543 Jesc
629 3489 660 3543 ct
691 3480 923 3561 Apostolorum.
969 3475 1043 3539 Curn
1073 3494 1150 3540 vero
1173 3494 1214 3541 ss.
1237 3476 1274 3543 N.
1296 3476 1330 3541 T.

93 3568 161 3630 libri
192 3584 256 3629 non
286 3585 325 3629 eo
355 3565 415 3628 fine
447 3567 613 3645 conscripti
645 3567 714 3643 sint,
737 3574 771 3629 ut
792 3567 942 3647 integram
965 3564 1125 3627 doctrinae
1148 3563 1331 3627 christianae

94 3671 239 3716 suminam
262 3653 353 3715 rnodo
376 3654 515 3715 omnibus
540 3653 623 3715 claro
647 3652 942 3733 complecterentur:
966 3651 1004 3713 ad
1026 3650 1329 3733 plenammagisque

92 3740 285 3821 perspicuam
315 3738 499 3801 christianae
531 3738 686 3822 cogitandi
717 3738 931 3819 sentiendique
964 3739 1092 3801 rationis
1114 3737 1250 3804 notitiam
1274 3750 1329 3798 es-

96 3826 286 3908 sequendem
306 3823 504 3907 adjungenda
527 3831 599 3889 suut

266 3998 401 4007 -...—--—.

132 4065 163 4133 *)
182 4064 406 4128 Quemadmodum
432 4063 474 4116 tls.
493 4065 518 4129 5,
537 4063 579 4115 39.
597 4077 671 4132 seqq.
690 4077 743 4114 uon
761 4061 795 4115 de
810 4060 880 4127 justa
899 4062 939 4113 sui
966 4060 1120 4112 defensione
1137 4064 1164 4110 et
1184 4057 1218 4110 de
1234 4055 1336 4122 juribus

178 4137 394 4202 praepositorum,
419 4133 466 4186 sed
485 4133 518 4185 de
536 4132 650 4184 vindicta
668 4134 780 4198 privata:
799 4135 834 4183 lta
852 4140 879 4184 et
896 4132 921 4194 5,
939 4131 981 4180 42.
1006 4129 1109 4179 nonnisi
1133 4127 1167 4179 de
1185 4125 1333 4179 discrimine

178 4206 288 4255 amicum
305 4206 372 4255 iuter
390 4212 415 4255 et
428 4204 560 4254 inimicum
577 4216 631 4253 non
657 4200 832 4268 respiciendo,
851 4203 873 4252 si
891 4198 1019 4250 beneficia
1038 4197 1182 4264 elargiaris,
1199 4211 1253 4248 onn
1270 4211 1335 4248 vero

178 4273 212 4324 de
230 4273 286 4324 eliis
305 4272 497 4325 conditionibus
515 4280 556 4325 est
573 4284 668 4334 sermo,
688 4269 781 4338 quibus
804 4270 986 4321 determinatur
1005 4265 1116 4333 dignitas
1134 4275 1178 4319 sut
1194 4264 1335 4335 indignitas

178 4341 288 4393 eliorum
305 4342 339 4393 ad
355 4340 485 4393 beneficia
511 4349 556 4396 tua
582 4339 765 4409 percipienda,
784 4348 828 4392 aut
844 4336 937 4408 quibus
965 4336 1098 4402 delinitur,
1125 4352 1187 4388 num
1214 4335 1335 4404 precibus

178 4426 270 4464 corum
290 4426 406 4464 unuere
423 4411 510 4477 liceat,
528 4424 578 4462 uec
596 4424 639 4462 ne.
