2834 4896
124 213 192 281 196

120 391 154 449 ct
174 382 282 467 spiritu
305 382 373 462 ejus
396 380 562 458 animatum
593 378 646 461 qui
668 378 742 441 tacit
766 378 959 442 ,voluntatem
983 377 1083 467 labis
1113 380 1274 462 coelestis,
1301 383 1360 467 ipsc

124 476 182 550 cst,
208 469 260 551 qui
283 466 408 529 intrabit
429 468 459 528 in
482 484 611 549 regnum
636 465 802 529 coelorum.

211 557 241 616 5.
264 553 450 615 Doctrinam
472 551 589 615 Christi
620 553 757 615 historia
787 552 857 629 ejus
888 549 1035 615 illustret.
1079 548 1114 610 V.
1137 570 1168 634 g.
1190 552 1243 614 Mt
1266 553 1297 630 5,
1321 554 1362 618 in

124 641 229 721 „Beati
253 639 360 716 mites,
396 638 538 719 quoniam
569 638 629 717 ipsi
661 635 863 719 possidebunt
885 638 1028 698 terram.“
1074 637 1255 701 Mitissimus
1288 640 1363 704 inter

122 726 203 790 lilios
225 725 379 787 hominum
401 742 483 786 nunc
515 722 709 786 beatissimus
733 729 798 798 est;
821 739 917 804 quere
940 723 1027 785 mites
1050 721 1160 787 beatos
1183 724 1363 806 praedicare

122 811 238 897 potuit3
272 809 447 873 mitissimus
477 827 557 872 nunc
586 809 753 871 ditissimus
777 814 834 884 est,
857 807 1004 871 Dominus
1027 810 1172 890 omnium,
1195 811 1247 873 cui
1270 814 1364 874 omnis

105 903 263 980 ¹potestas
298 895 367 957 data
398 903 446 957 est
475 895 506 957 in
540 895 629 958 coelo
653 901 684 959 et
712 895 743 956 in
767 901 865 969 terra3
899 901 1062 981 prepterea
1097 896 1223 960 mitibus
1258 906 1365 962 terram

124 1001 235 1046 novam
256 981 473 1062 possidendam
496 980 634 1063 polliceri
657 980 769 1061 potuit;
802 981 978 1043 mitissimus
1001 999 1057 1062 per
1077 982 1244 1062 passiones
1267 985 1363 1047 intra-

125 1073 173 1131 vit
190 1069 220 1130 in
245 1067 372 1150 gloriam
405 1085 508 1142 suam3
543 1066 613 1129 ideo
647 1073 748 1129 terrae
781 1068 1031 1147 possessionem,
1062 1069 1198 1129 omnium
1220 1069 1365 1133 bonorum

124 1152 301 1217 fruitionem
331 1171 391 1234 qua
424 1153 599 1234 beatitatem
622 1159 653 1215 et
675 1152 805 1215 lructurn
839 1153 929 1215 animi
965 1153 1045 1215 mitis
1078 1152 1243 1217 celebrare
1265 1159 1364 1236 potuit.

125 1239 215 1314 Quod
236 1239 328 1302 Jes'us
351 1257 407 1301 ore
437 1239 555 1317 docuit,
587 1237 669 1301 lacto
702 1239 863 1317 exercuit,
884 1238 1025 1318 exemplo
1056 1239 1087 1300 in
1110 1257 1207 1303 cruce
1226 1242 1362 1322 pendens

124 1322 365 1390 luculentissime
388 1318 601 1403 manifestavit,
618 1343 701 1387 nunc
724 1324 761 1387 ad
786 1325 924 1386 dextram
940 1324 1036 1387 Patris
1059 1324 1173 1389 sedens
1199 1327 1362 1405 confirmat,

124 1429 236 1494 nempe
259 1407 382 1473 effatum
404 1400 509 1474 suum:
524 1409 629 1490 ,beati
650 1409 751 1488 mites,
763 1412 906 1492 quoniam
920 1411 979 1492 ipsi
1001 1410 1204 1493 possidebunt
1228 1417 1361 1483 terram“

681 1604 710 1675 ς.
743 1597 813 1661 112.

632 1750 861 1804 Continuatio.

213 1914 245 1977 6.
266 1913 383 1977 Falsas
405 1913 563 1975 bominum
583 1913 728 1974 notiones
751 1929 809 1992 ope
830 1913 1001 1990 nunonem,
1014 1929 1093 1994 qnae
1115 1911 1222 1994 effatis
1245 1913 1363 1979 biblici

125 2003 243 2077 insani,
265 2002 414 2080 corrigat.
457 1999 492 2061 V.
516 2017 545 2081 g.
568 1997 640 2060 Luc.
665 1997 695 2075 9,
719 1998 787 2058 55.:
820 1997 981 2076 ,Nescitis
1012 1998 1100 2078 cujus
1134 2000 1267 2079 spiritus
1287 2002 1361 2064 estis.

125 2088 218 2150 Filius
240 2086 370 2148 hominis
391 2103 453 2146 non
474 2086 559 2147 uenit
580 2085 696 2146 animas
719 2083 860 2165 perdere,
883 2084 939 2146 sed
962 2082 1111 2147 salvare.“
1135 2084 1206 2166 lpse
1218 2085 1363 2166 Joannes,

125 2173 207 2235 inter
227 2171 394 2253 Apostolos
417 2170 527 2232 Christi
548 2172 736 2246 mitissimus,
760 2171 811 2250 pio
835 2168 958 2233 lervore
981 2170 1020 2232 ob
1035 2169 1296 2241 Samaritanorum
1319 2175 1366 2235 in-

126 2258 341 2321 humanitatem
375 2257 453 2319 adeo
486 2256 627 2335 incaluit,
651 2261 684 2318 ut
707 2255 747 2317 ad
776 2272 832 2319 eos
866 2255 1038 2337 puniendos
1072 2258 1175 2339 ignem
1208 2257 1248 2321 de
1281 2259 1364 2323 coelo

126 2343 319 2407 descendere
351 2343 550 2406 desideraret.
593 2341 638 2405 Ita
661 2350 693 2405 et
713 2341 878 2404 hodiedum
910 2342 1049 2405 homines
1081 2343 1184 2406 studio
1209 2344 1364 2429 religionis

127 2430 210 2494 ducti
242 2436 402 2510 tantopere
435 2447 653 2511 nonnunquam
683 2428 878 2507 fervescunt,
912 2435 947 2490 ut
976 2430 1101 2510 spiritus
1136 2429 1249 2493 Christi
1287 2430 1364 2494 obliti

129 2517 265 2580 damnari
288 2522 319 2578 et
341 2516 437 2579 deleri
460 2516 592 2596 cupiant,
617 2515 792 2597 quicunque
815 2532 928 2578 causae
941 2513 1051 2578 Christi
1073 2521 1255 2580 renituntur.
1279 2516 1363 2580 Atta-

126 2621 197 2666 men
226 2600 375 2682 ejusmodi
406 2599 559 2664 zelatores
581 2600 662 2665 haud
683 2619 755 2663 raro
779 2618 903 2662 carnem
927 2607 959 2663 et
982 2602 1162 2684 sanguinem
1185 2610 1361 2684 sequuntur,

128 2689 198 2752 dum
221 2687 330 2750 Christi
354 2705 477 2750 causam
498 2704 593 2769 agere
623 2686 785 2763 videntur3
809 2705 878 2749 nam
900 2688 986 2750 zelus
1015 2689 1156 2750 sincerus
1179 2686 1271 2752 fortis
1296 2691 1361 2771 qui·

129 2774 216 2852 dem,
249 2791 356 2845 verum
386 2780 418 2836 et
446 2772 584 2855 patiens,
618 2773 698 2836 mitis
723 2780 754 2834 et
784 2790 913 2852 parcens
947 2780 1011 2848 est;
1046 2771 1152 2836 fervor
1173 2792 1192 2837 a
1214 2775 1364 2858 patientia,

127 2858 338 2923 misericordia
360 2866 393 2923 et
413 2858 786 2922 mansuetudine-alienus
809 2877 872 2921 non
894 2867 942 2922 est
964 2859 1157 2939 christianus,
1171 2878 1236 2923 uon
1260 2869 1365 2925 estex

126 2945 212 3022 Deo;
245 2944 358 3010 etenim
380 2943 517 3009 Christus
540 2964 602 3008 non
632 2945 733 3023 venit,
752 2952 786 3007 ut
816 2946 931 3008 animas
960 2945 1122 3027 perderet,
1152 2946 1211 3009 sed
1234 2949 1363 3011 salvaret

128 3030 277 3110 doctrina,
308 3032 459 3113 exemplo,
490 3031 646 3112 patientia,
680 3031 919 3115 longanimitate,
942 3031 1162 3107 beneficentia3
1180 3030 1363 3098 'arundinem

128 3124 301 3200 quassatam
323 3135 386 3179 non
409 3115 571 3200 confregit,
595 3124 627 3180 et
647 3116 741 3179 linum
763 3117 915 3199 fumigans
938 3136 1000 3181 non
1023 3119 1180 3182 exstinxit.

218 3205 249 3266 7.
272 3203 442 3266 Generales
472 3204 634 3266 doetrinae
657 3204 789 3266 moralis
820 3207 992 3267 sententias
1010 3202 1109 3284 foetis'
1142 3205 1273 3269 biblieis
1295 3208 1366 3268 illn-

127 3297 224 3362 ctret;
245 3308 275 3354 v.
298 3309 328 3373 g.
352 3295 548 3371 praeceptum
571 3289 610 3353 de
633 3289 807 3352 obedientia
829 3289 896 3351 Deo
918 3290 950 3352 in
971 3291 1111 3353 omnibus
1135 3291 1364 3356 circumstantiis

127 3374 311 3459 praestandi
334 3373 475 3456 exemplo
499 3373 677 3454 Abrahami,
702 3375 753 3456 qui
775 3382 897 3455 paratus
921 3383 988 3438 erat
1009 3377 1048 3439 ad
1070 3376 1163 3440 lilium
1186 3397 1278 3441 suum
1301 3379 1365 3441 uni-

129 3478 199 3523 cum
222 3457 422 3539 offerendum,
445 3462 612 3543 praecipue
635 3468 737 3524 autem
760 3461 845 3541 lesu,
869 3462 920 3542 qui
943 3463 1024 3526 Patri
1046 3463 1195 3527 obediens
1224 3472 1294 3527 erat
1316 3482 1365 3527 us-

131 3564 192 3628 que
215 3546 254 3607 ad
276 3556 414 3626 mortem,
437 3554 566 3609 mortem
588 3554 689 3611 autem
712 3548 823 3609 erucis.
1286 3596 1306 3627 .‚

217 3630 249 3693 8.
271 3631 310 3694 In
327 3633 560 3713 principalibus
584 3633 703 3696 Christi
733 3634 891 3696 mandatis
925 3634 1100 3715 distinguat
1129 3643 1160 3698 et
1186 3637 1366 3699 determinet

129 3735 238 3782 eoram
260 3719 537 3795 universalitatem,
557 3721 825 3800 perspicuitatem,
848 3720 1089 3799 applicationem
1108 3721 1257 3801 facilem,
1292 3726 1365 3785 sim-

128 3805 299 3886 plicitatem
322 3813 353 3866 et
373 3807 435 3866 cim
456 3807 490 3865 in
523 3808 661 3868 animum
692 3807 874 3881 humanum,
905 3825 964 3868 nee
992 3825 1056 3868 non
1084 3806 1261 3871 ubertatem
1290 3811 1366 3875 vitoe

128 3892 310 3970 repuleram
332 3891 404 3951 inde
427 3891 655 3957 resultantium.
677 3892 712 3956 V.
736 3909 765 3973 g.
791 3891 838 3952 hlt.
853 3890 884 3968 t,
909 3891 976 3954 la:
1002 3891 1133 3969 „Omnia
1158 3910 1248 3978 crgo,
1274 3912 1366 3975 quae-

130 3993 252 4058 cunque
273 3975 375 4054 uultis,
399 3981 432 4036 ut
454 3972 567 4038 iaciant
588 3978 676 4040 uobis
699 3976 847 4054 homines,
872 3983 981 4039 etuas
1004 3975 1097 4040 facite
1120 3979 1178 4041 illis
1185 4000 1195 4055 3
1219 3979 1301 4043 haec
1325 3982 1367 4040 est

129 4061 211 4124 enim
232 4062 285 4124 lex
307 4068 338 4132 et
359 4060 556 4144 prophetae.“
581 4064 778 4144 Praeceptum
802 4064 861 4124 boc
884 4069 932 4124 est
954 4067 989 4136 a)
1012 4063 1186 4126 universale
1209 4071 1246 4141 a)
1270 4064 1365 4128 relate

129 4145 169 4210 ad
192 4155 419 4230 argumentum3
453 4166 521 4210 nam
553 4149 699 4230 quidquid
722 4148 760 4210 ad
783 4149 910 4210 salutem
940 4149 1070 4229 proximi
1093 4156 1230 4232 spectat,
1266 4150 1367 4215 verbis

129 4231 190 4295 illis
214 4233 492 4315 comprehenditur,
515 4241 549 4296 ut
570 4234 797 4311 misericordia,
828 4234 1013 4317 benignitas,
1049 4235 1180 4299 charitas
1215 4238 1314 4300 verbo
1341 4239 1369 4298 et

132 4315 215 4380 laete
238 4318 493 4396 demonstranda3
515 4322 551 4399 β)
563 4327 708 4404 respectu
730 4337 946 4400 personarum;
970 4322 1081 4384 etenim
1091 4324 1268 4404 quicunque
1280 4323 1368 4386 homo

130 4409 268 4484 vocatur,
292 4412 456 4486 praecepto
479 4406 531 4468 illo
554 4407 768 4489 obstringitur,
792 4406 857 4469 sive
879 4408 920 4468 sit
940 4425 997 4470 rex
1018 4407 1075 4471 sub
1105 4408 1184 4472 s'olio
1208 4408 1368 4491 splendido

130 4489 256 4571 sedens,
280 4491 346 4554 sive
368 4491 555 4572 mendicans,
577 4499 666 4556 veste
688 4493 793 4567 lacera
816 4491 983 4574 incedens;
1005 4499 1038 4575 γ)
1059 4495 1169 4561 iutuitu
1191 4492 1313 4578 aarum,
1335 4494 1365 4563 in
