2834 4896
118 207 182 274 444

204 378 347 454 Quemvis
381 384 482 441 notem
514 376 573 439 hoe
602 375 974 439 trutlitionesnoximmn
1007 383 1123 460 portent
1155 379 1249 440 notati
1282 380 1358 442 nnti-

118 468 283 549 quissimus
306 467 456 548 originem
479 464 592 526 delient
613 482 750 543 vereque
769 464 912 544 jhutnieno
935 465 1110 527 suntznlins
1132 471 1235 527 tannen
1259 485 1358 528 eorunm

118 554 156 617 od
186 554 354 616 sententies
387 551 566 613 christianos
600 551 770 611 immutatos
802 567 883 626 esse,
918 548 993 611 otius
1015 551 1105 631 plone
1127 570 1226 614 novas
1251 571 1360 615 occes-

117 642 208 717 sisse,
231 640 339 701 mcrito
362 638 512 705 suspicari
534 637 664 711 licent).
714 637 769 698 Ubi
802 636 861 698 hoc
894 635 1138 714 locum'hobeot,
1162 640 1361 721 cognoscitur

121 746 162 788 cx
193 726 336 788 dissensu
372 723 525 785 Tnlmudis
560 742 576 784 o
606 723 733 802 reliquis
765 722 898 783 lontibus
927 723 1059 802 judaicis
1069 743 1078 800 ;
1110 725 1162 786 ubi
1184 742 1256 786 curn
1279 725 1360 788 biscc

119 813 282 887 consentit,
305 829 368 872 non
392 816 448 886 est,
473 808 556 889 quod
578 807 650 870 ndei
673 809 811 889 ejusdcm
836 816 1015 889 opponatur.

204 916 312 977 Relate
335 915 378 975 od
399 914 543 993 siopnlns
568 912 726 974 Talmudis
750 922 859 991 partes
887 911 1048 976 Minnione
1068 921 1201 994 propter
1223 915 1361 993 antiqui-

119 1011 212 1064 tatem
234 1002 337 1079 major
359 1002 506 1078 competit
519 999 607 1075 fides,
630 1018 722 1078 quaro
746 999 906 1070 Gerticos,-
929 1001 1011 1061 iuter
1028 1000 1087 1062 bas
1109 1019 1185 1062 cero
1208 1000 1361 1061 Hieroso-

120 1090 378 1249 '⁹''⁶5¹⁰⁷²,“l,f,²‘)'m
418 1086 550 1166 propler
588 1094 731 1161 aetatem,
776 1094 839 1146 tnnc
882 1085 920 1148 ab
963 1088 1103 1166 patriam
1157 1085 1361 1167 babylonicae

116 1193 266 1255 praseae
356 1218 363 1233 .

685 1392 715 1462 §.
739 1385 790 1450 83.

567 1539 639 1605 :De
663 1540 776 1592 fontibus
797 1540 914 1592 ethnicis.

214 1705 241 1767 l.
264 1702 451 1784 Philosophi
472 1713 502 1765 et
523 1703 692 1785 ineptiolopi
712 1704 820 1782 praeci
842 1706 1036 1776 ecrnrnnni;
1054 1721 1126 1764 nam
1146 1702 1292 1783 protilos,
1314 1703 1362 1785 qui

120 1794 154 1854 io
176 1810 201 1853 s.
234 1790 400 1871 Scriptura
433 1799 488 1851 nro
520 1792 680 1869 loquentes
715 1797 880 1869 epentesnc
911 1791 1075 1861 sistuntur,
1110 1800 1166 1852 aut
1198 1792 1361 1869 inponere
1405 1792 1407 1797 ⁴

120 1879 344 1958 respiciuntur,
368 1887 459 1938 eram
476 1878 593 1955 partim
616 1875 742 1951 eruunt,
763 1878 880 1953 purtim
902 1877 1053 1937 illiterati.
1084 1874 1215 1937 Illorum
1238 1885 1361 1938 senten-

123 1966 196 2039 tiar,
217 1965 389 2043 praecipue
411 1963 592 2041 relipiosnc,
622 1962 678 2022 cin
708 1961 836 2022 aliunde
857 1960 986 2039 felicius
1009 1972 1253 2040 copooscnotur,
1277 1981 1363 2043 quam

57 2044 65 2055 ’
122 2070 138 2111 e
161 2052 291 2130 scriptis
310 2049 579 2128 pbilosophorum,
602 2049 784 2127 interpone
808 2049 942 2110 endoent
961 2046 1124 2109 Ciceronis
1148 2048 1223 2109 libri
1245 2049 1284 2111 ne
1306 2067 1363 2109 no-

122 2146 196 2198 tura
229 2137 367 2213 deorum,
402 2135 440 2195 de
472 2134 666 2195 divinatione
698 2143 727 2194 et
762 2132 799 2193 de
834 2134 957 2213 officiis,
990 2153 1059 2194 curn
1089 2144 1202 2196 auctor
1223 2137 1259 2195 io
1281 2136 1362 2197 bisce

124 2221 272 2302 operibns
295 2239 357 2281 oen
380 2238 457 2280 surus
481 2229 608 2295 tuntum,
631 2219 689 2279 sed
711 2220 846 2280 alierum
868 2238 988 2300 quoquc
998 2219 1274 2283 celeberrimorum
1295 2220 1364 2301 pbi-

124 2308 325 2387 losophorum
348 2308 519 2368 sententies
543 2305 696 2367 celtibeat.
743 2304 793 2366 An
813 2306 899 2385 euripi
920 2314 1022 2368 curtem
1045 2308 1246 2387 rodierioquc
1267 2307 1366 2387 plebis

124 2394 290 2474 opiniones
322 2393 556 2471 crpooscendns
588 2392 760 2471 praecipue
804 2391 999 2454 adbibcodne
1037 2403 1111 2455 suot
1150 2393 1366 2473 rnptbolopioe,

123 2481 220 2542 celati
253 2479 359 2542 Ouidii
387 2479 673 2557 roetnmorpbnscs;
704 2496 802 2559 porro
838 2479 1008 2554 castelline,
1045 2498 1073 2541 o.
1107 2497 1136 2558 p.
1173 2479 1312 2542 Terentii
1339 2485 1367 2539 cl

123 2567 231 2637 Plauti
238 2587 251 2639 ;
286 2567 406 2643 scripto
433 2575 598 2644 poetarum
631 2566 782 2643 satyrica,
817 2568 865 2624 nti
894 2563 1079 2638 turronem
1101 2584 1175 2626 anm
1197 2567 1231 2626 io
1255 2566 1366 2645 liujus-

126 2653 210 2713 modi
233 2651 381 2731 operibns
413 2669 477 2711 narn
501 2659 563 2711 tom
595 2651 799 2725 eruditorum,
823 2668 915 2729 nuum
936 2654 1041 2730 potius
1061 2651 1164 2732 plebis
1186 2657 1367 2727 sententiae,

127 2756 231 2798 mores
253 2756 292 2798 nc
315 2737 558 2798 consuetudines
579 2737 697 2816 respici
718 2737 828 2797 solent.
852 2771 891 2780 —
916 2736 969 2799 His
993 2737 1117 2820 uutjungi
1140 2746 1300 2801 merentur

215 2841 242 2902 2.
267 2840 422 2903 ilistorici
453 2851 483 2903 ct
514 2841 689 2902 itineraria.
735 2839 883 2901 Priorem
913 2842 1024 2920 plures
1053 2841 1185 2903 subinde
1213 2843 1297 2905 talia
1317 2863 1367 2905 re·

123 2927 240 3008 serunt,
263 2945 341 3008 quoe
363 2928 536 3006 perutilium,
559 2944 690 3006 quorum
712 2927 746 2986 in
768 2945 811 2988 ss.
835 2926 936 2988 literis
959 2929 1072 2989 nicorio
1092 2928 1137 3005 pit,
1160 2930 1367 2991 conditionem

125 3023 286 3076 externam
322 3023 352 3074 et
384 3014 519 3075 indolem
550 3014 705 3073 internam
738 3020 791 3073 sat
821 3008 909 3073 clure
941 3014 1112 3089 illustrant,
1143 3022 1173 3076 et
1202 3015 1366 3094 inuenere

126 3100 317 3163 ethnicorum
352 3100 511 3179 capitondi
544 3100 755 3184 sentiendique
785 3101 939 3159 rationem
959 3100 1112 3178 pandunt,
1134 3108 1169 3160 ut
1193 3099 1322 3163 Tacitus
1342 3109 1369 3163 et

126 3187 317 3254 Suetoniusr
337 3194 506 3266 practerea
528 3184 636 3266 plures
659 3204 776 3260 eoram,
796 3187 985 3263 praesertim
1002 3187 1206 3265 antiquiores,
1229 3186 1368 3265 plerum·

128 3292 185 3353 quc
208 3293 261 3335 res
295 3283 325 3335 et
355 3280 484 3333 euentus
516 3289 580 3331 reon
610 3271 702 3348 nuile,
726 3271 784 3330 sed
805 3273 850 3332 ito
871 3271 1059 3348 describunt,
1082 3280 1117 3334 ut
1137 3273 1235 3334 sininl
1256 3276 1368 3337 ructon

127 3368 157 3421 et
178 3362 314 3421 corrsilin
336 3360 501 3437 aperitione,
523 3374 619 3417 sensa
642 3354 880 3437 affectionesque
898 3358 1086 3437 patientium
1108 3370 1349 3438 capnoscaotur.

212 3461 298 3524 idean
320 3463 405 3540 polet
426 3463 463 3523 de
487 3460 663 3523 itinerariis
672 3479 686 3532 ;
723 3460 796 3520 licet
823 3479 954 3540 neroque
977 3463 1072 3523 multe
1094 3465 1277 3525 recentiora
1298 3465 1369 3537 siut,

130 3567 224 3629 quam
244 3558 280 3610 ut
300 3558 396 3610 testes
419 3556 515 3626 cpont
536 3547 652 3607 artatis
674 3544 828 3607 biblicae:
851 3556 964 3624 tamen,
985 3565 1080 3627 quum
1102 3546 1286 3612 orientales
1303 3549 1369 3628 feru

129 3635 243 3714 ubique
274 3634 337 3696 sibi
368 3634 517 3714 aequales
562 3651 631 3694 esse
653 3631 787 3708 soleant,
818 3651 882 3694 nnn
911 3652 1046 3711 prorsus
1078 3635 1255 3713 rejicienda
1288 3643 1368 3699 suut.

130 3721 216 3795 Onne
239 3719 300 3783 sint
323 3737 429 3782 eorum
451 3718 627 3803 praecipuo,
651 3716 867 3800 archaeoiogin
891 3718 1087 3795 doenum).

128 3914 443 3931 *—

171 4013 200 4076 ’)
218 4011 289 4063 tuem
308 4010 380 4062 volet
397 4011 430 4063 ‹le
447 4012 609 4075 Abenesrne,
633 4010 812 4093 hiuymopidis,
835 4007 1005 4061 Abarbunelis
1033 4011 1193 4080 otiosumque
1217 4012 1374 4096 cruditorum

216 4078 1047 4218 hibunt“duihitttdtitttsthbthtntt?
1131 4080 1170 4147 ³¹⁰
1182 4079 1309 4145 ⁰²¹'¹'⁰¹⁰'
1327 4094 1376 4133 ι’·

154 4246 199 4309 ⁴⁴³)
220 4245 271 4295 t'lr.
289 4245 499 4312 Eincninenger's
531 4243 737 4296 neucntdechtes
756 4240 920 4294 ludenthum.
947 4242 1086 4294 Frnnhlurt
1104 4243 1189 4308 1700,
1213 4244 1290 4308 jussu
1308 4245 1376 4313 regis

220 4314 358 4365 hernesius
377 4315 464 4365 denuo
483 4316 636 4382 impr-cusum
655 4313 829 4379 Regiomontii
848 4311 932 4374 1711,
952 4321 979 4363 et
996 4327 1075 4379 opera
1095 4317 1121 4377 ς.
1140 4315 1181 4364 54.
1200 4314 1225 4364 6.
1245 4315 1332 4365 citato.

139 4408 199 4474 m)
219 4407 276 4461 cn:
294 4408 347 4461 Dus
365 4408 534 4479 hlorgenlund
552 4423 605 4462 von
624 4406 720 4459 Gustnv
739 4405 846 4458 hiennn.
864 4405 949 4473 Leipz.
968 4405 1044 4457 1849.
