<?xml version="1.0" encoding="UTF-8"?>
<!DOCTYPE html PUBLIC "-//W3C//DTD XHTML 1.0 Transitional//EN"
    "http://www.w3.org/TR/xhtml1/DTD/xhtml1-transitional.dtd">
<html xmlns="http://www.w3.org/1999/xhtml" xml:lang="en" lang="en">
 <head>
  <title>
</title>
<meta http-equiv="Content-Type" content="text/html;charset=utf-8" />
  <meta name='ocr-system' content='tesseract 3.04.00' />
  <meta name='ocr-capabilities' content='ocr_page ocr_carea ocr_par ocr_line ocrx_word'/>
</head>
<body>
  <div class='ocr_page' id='page_1' title='image "./hermeneuticabib00gngoog_0127.png"; bbox 0 0 2834 4896; ppageno 0'>
   <div class='ocr_carea' id='block_1_1' title="bbox 125 216 189 283">
    <p class='ocr_par' dir='ltr' id='par_1_1' title="bbox 125 216 189 283">
     <span class='ocr_line' id='line_1_1' title="bbox 125 216 189 283; baseline -0.047 -1"><span class='ocrx_word' id='word_1_1' title='bbox 125 216 189 283; x_wconf 83' lang='lat' dir='ltr'><strong>loo</strong></span> 
     </span>
    </p>
   </div>
   <div class='ocr_carea' id='block_1_2' title="bbox 122 386 1358 469">
    <p class='ocr_par' dir='ltr' id='par_1_2' title="bbox 122 386 1358 469">
     <span class='ocr_line' id='line_1_2' title="bbox 122 386 1358 469; baseline -0.001 -17"><span class='ocrx_word' id='word_1_2' title='bbox 122 390 209 466; x_wconf 85' lang='lat' dir='ltr'><strong>fiunt,</strong></span> <span class='ocrx_word' id='word_1_3' title='bbox 231 389 312 451; x_wconf 90' lang='lat' dir='ltr'><strong>idem</strong></span> <span class='ocrx_word' id='word_1_4' title='bbox 343 391 536 465; x_wconf 82' lang='lat' dir='ltr'><strong>statuendum</strong></span> <span class='ocrx_word' id='word_1_5' title='bbox 571 395 618 450; x_wconf 88' lang='lat' dir='ltr'><strong>est</strong></span> <span class='ocrx_word' id='word_1_6' title='bbox 652 387 690 449; x_wconf 88' lang='lat' dir='ltr'><strong>de</strong></span> <span class='ocrx_word' id='word_1_7' title='bbox 714 388 865 450; x_wconf 86' lang='lat' dir='ltr'><strong>sententia</strong></span> <span class='ocrx_word' id='word_1_8' title='bbox 888 386 1086 450; x_wconf 87' lang='lat' dir='ltr'><strong>intermedia:</strong></span> <span class='ocrx_word' id='word_1_9' title='bbox 1109 386 1147 450; x_wconf 88' lang='lat' dir='ltr'><strong>Et</strong></span> <span class='ocrx_word' id='word_1_10' title='bbox 1169 405 1266 469; x_wconf 86' lang='lat' dir='ltr'><strong>super</strong></span> <span class='ocrx_word' id='word_1_11' title='bbox 1287 387 1358 451; x_wconf 88' lang='lat' dir='ltr'><strong>banc</strong></span> 
     </span>
    </p>
   </div>
   <div class='ocr_carea' id='block_1_3' title="bbox 120 471 1360 628">
    <p class='ocr_par' dir='ltr' id='par_1_3' title="bbox 120 471 1360 628">
     <span class='ocr_line' id='line_1_3' title="bbox 122 471 1360 628; baseline 0.002 -90"><span class='ocrx_word' id='word_1_12' title='bbox 122 483 240 628; x_wconf 55' lang='lat' dir='ltr'><strong>getrgm</strong></span> <span class='ocrx_word' id='word_1_13' title='bbox 265 475 440 626; x_wconf 61' lang='lat' dir='ltr'><strong>taredis11051b0</strong></span> <span class='ocrx_word' id='word_1_14' title='bbox 471 476 634 540; x_wconf 90' lang='lat' dir='ltr'><strong>ecclesiam</strong></span> <span class='ocrx_word' id='word_1_15' title='bbox 656 492 764 537; x_wconf 89' lang='lat' dir='ltr'><strong>meam.</strong></span> <span class='ocrx_word' id='word_1_16' title='bbox 800 473 860 536; x_wconf 87' lang='lat' dir='ltr'><strong>Cir.</strong></span> <span class='ocrx_word' id='word_1_17' title='bbox 884 473 935 538; x_wconf 90' lang='grc' dir='ltr'><strong>Μι.</strong></span> <span class='ocrx_word' id='word_1_18' title='bbox 960 472 1011 554; x_wconf 82' lang='grc'><strong>12,</strong></span> <span class='ocrx_word' id='word_1_19' title='bbox 1035 474 1064 536; x_wconf 84' lang='grc'><strong>9.</strong></span> <span class='ocrx_word' id='word_1_20' title='bbox 1088 471 1223 551; x_wconf 71' lang='grc' dir='ltr'><strong>(αὐτῶν)</strong></span> <span class='ocrx_word' id='word_1_21' title='bbox 1247 492 1316 539; x_wconf 90' lang='lat' dir='ltr'><strong>cum</strong></span> <span class='ocrx_word' id='word_1_22' title='bbox 1335 495 1360 585; x_wconf 64' lang='lat' dir='ltr'><strong>u.</strong></span> 
     </span>
     <span class='ocr_line' id='line_1_4' title="bbox 120 580 401 625; baseline 0.007 -2"><span class='ocrx_word' id='word_1_23' title='bbox 120 588 187 609; x_wconf 53' lang='lat'><strong>¹-</strong></span> <span class='ocrx_word' id='word_1_24' title='bbox 214 580 262 625; x_wconf 93' lang='lat' dir='ltr'><strong>.e</strong></span> <span class='ocrx_word' id='word_1_25' title='bbox 297 581 327 624; x_wconf 88' lang='lat' dir='ltr'><strong>v.</strong></span> <span class='ocrx_word' id='word_1_26' title='bbox 394 611 401 625; x_wconf 94' lang='lat'><strong>.</strong></span> 
     </span>
    </p>
   </div>
   <div class='ocr_carea' id='block_1_4' title="bbox 272 793 1223 875">
    <p class='ocr_par' dir='ltr' id='par_1_4' title="bbox 272 793 1223 875">
     <span class='ocr_line' id='line_1_5' title="bbox 272 793 1223 875; baseline -0.002 -18"><span class='ocrx_word' id='word_1_27' title='bbox 272 793 359 867; x_wconf 82' lang='lat' dir='ltr'><strong>Ocea</strong></span> <span class='ocrx_word' id='word_1_28' title='bbox 381 795 544 858; x_wconf 86' lang='lat' dir='ltr'><strong>commodo</strong></span> <span class='ocrx_word' id='word_1_29' title='bbox 564 795 730 875; x_wconf 72' lang='lat' dir='ltr'><strong><em>interpreti</em></strong></span> <span class='ocrx_word' id='word_1_30' title='bbox 748 800 891 872; x_wconf 75' lang='lat' dir='ltr'><strong>praestet</strong></span> <span class='ocrx_word' id='word_1_31' title='bbox 911 801 1076 855; x_wconf 77' lang='lat' dir='ltr'><strong>contentae</strong></span> <span class='ocrx_word' id='word_1_32' title='bbox 1099 793 1223 873; x_wconf 79' lang='lat' dir='ltr'><strong>topicam</strong></span> 
     </span>
    </p>
   </div>
   <div class='ocr_carea' id='block_1_5' title="bbox 695 980 819 1056">
    <p class='ocr_par' dir='ltr' id='par_1_5' title="bbox 695 980 819 1056">
     <span class='ocr_line' id='line_1_6' title="bbox 695 980 819 1056; baseline -0.008 0"><span class='ocrx_word' id='word_1_33' title='bbox 695 988 726 1056; x_wconf 83' lang='lat'><strong>§-</strong></span> <span class='ocrx_word' id='word_1_34' title='bbox 747 980 798 1043; x_wconf 86' lang='lat'><strong>59.</strong></span> <span class='ocrx_word' id='word_1_35' title='bbox 814 1044 819 1055; x_wconf 94' lang='lat'><em>.</em></span> 
     </span>
    </p>
   </div>
   <div class='ocr_carea' id='block_1_6' title="bbox 652 1115 841 1167">
    <p class='ocr_par' dir='ltr' id='par_1_6' title="bbox 652 1115 841 1167">
     <span class='ocr_line' id='line_1_7' title="bbox 652 1115 841 1167; baseline -0.016 0"><span class='ocrx_word' id='word_1_36' title='bbox 652 1115 682 1167; x_wconf 94' lang='lat' dir='ltr'><strong>ll.</strong></span> <span class='ocrx_word' id='word_1_37' title='bbox 710 1116 841 1167; x_wconf 80' lang='lat' dir='ltr'><strong>remotior.</strong></span> 
     </span>
    </p>
   </div>
   <div class='ocr_carea' id='block_1_7' title="bbox 105 1254 1410 4178">
    <p class='ocr_par' dir='ltr' id='par_1_7' title="bbox 123 1254 1366 1924">
     <span class='ocr_line' id='line_1_8' title="bbox 211 1254 1365 1341; baseline -0.005 -17"><span class='ocrx_word' id='word_1_38' title='bbox 211 1258 244 1324; x_wconf 87' lang='lat' dir='ltr'><strong>Si</strong></span> <span class='ocrx_word' id='word_1_39' title='bbox 267 1266 449 1341; x_wconf 81' lang='lat' dir='ltr'>quaeratur,</span> <span class='ocrx_word' id='word_1_40' title='bbox 484 1274 634 1340; x_wconf 83' lang='lat' dir='ltr'><strong>quaenam</strong></span> <span class='ocrx_word' id='word_1_41' title='bbox 665 1259 738 1321; x_wconf 87' lang='lat' dir='ltr'><strong>voci</strong></span> <span class='ocrx_word' id='word_1_42' title='bbox 761 1257 880 1320; x_wconf 91' lang='lat' dir='ltr'><strong>cuidam</strong></span> <span class='ocrx_word' id='word_1_43' title='bbox 913 1262 1068 1337; x_wconf 90' lang='lat' dir='ltr'><strong>potestas,</strong></span> <span class='ocrx_word' id='word_1_44' title='bbox 1091 1255 1144 1338; x_wconf 86' lang='lat' dir='ltr'><strong>qui</strong></span> <span class='ocrx_word' id='word_1_45' title='bbox 1166 1254 1365 1339; x_wconf 80' lang='lat' dir='ltr'><strong>propositioni</strong></span> 
     </span>
     <span class='ocr_line' id='line_1_9' title="bbox 124 1344 1366 1426; baseline -0.003 -17"><span class='ocrx_word' id='word_1_46' title='bbox 124 1358 236 1409; x_wconf 86' lang='lat' dir='ltr'><strong>sensus</strong></span> <span class='ocrx_word' id='word_1_47' title='bbox 259 1347 299 1408; x_wconf 88' lang='lat' dir='ltr'><strong>sit</strong></span> <span class='ocrx_word' id='word_1_48' title='bbox 325 1344 523 1424; x_wconf 88' lang='lat' dir='ltr'><strong>tribuendus,</strong></span> <span class='ocrx_word' id='word_1_49' title='bbox 558 1363 614 1426; x_wconf 91' lang='lat' dir='ltr'><strong>per</strong></span> <span class='ocrx_word' id='word_1_50' title='bbox 645 1352 822 1409; x_wconf 88' lang='lat' dir='ltr'><strong>contextum</strong></span> <span class='ocrx_word' id='word_1_51' title='bbox 855 1344 1025 1423; x_wconf 83' lang='lat' dir='ltr'><strong>proximum</strong></span> <span class='ocrx_word' id='word_1_52' title='bbox 1047 1362 1109 1406; x_wconf 91' lang='lat' dir='ltr'><strong>non</strong></span> <span class='ocrx_word' id='word_1_53' title='bbox 1133 1360 1225 1406; x_wconf 91' lang='lat' dir='ltr'><strong>omne</strong></span> <span class='ocrx_word' id='word_1_54' title='bbox 1249 1358 1366 1425; x_wconf 88' lang='lat' dir='ltr'><strong>semper</strong></span> 
     </span>
     <span class='ocr_line' id='line_1_10' title="bbox 123 1427 1366 1517; baseline -0.002 -23"><span class='ocrx_word' id='word_1_55' title='bbox 123 1438 301 1495; x_wconf 84' lang='lat' dir='ltr'><strong>removetur</strong></span> <span class='ocrx_word' id='word_1_56' title='bbox 332 1432 474 1517; x_wconf 83' lang='lat' dir='ltr'><strong>dubium3</strong></span> <span class='ocrx_word' id='word_1_57' title='bbox 503 1450 572 1494; x_wconf 90' lang='lat' dir='ltr'><strong>nam</strong></span> <span class='ocrx_word' id='word_1_58' title='bbox 599 1430 648 1493; x_wconf 90' lang='lat' dir='ltr'><strong>vel</strong></span> <span class='ocrx_word' id='word_1_59' title='bbox 682 1450 741 1493; x_wconf 92' lang='lat' dir='ltr'><strong>una</strong></span> <span class='ocrx_word' id='word_1_60' title='bbox 772 1430 942 1510; x_wconf 89' lang='lat' dir='ltr'><strong>eademque</strong></span> <span class='ocrx_word' id='word_1_61' title='bbox 972 1431 1123 1493; x_wconf 87' lang='lat' dir='ltr'><strong>sententia</strong></span> <span class='ocrx_word' id='word_1_62' title='bbox 1153 1446 1211 1512; x_wconf 91' lang='lat' dir='ltr'><strong>pro</strong></span> <span class='ocrx_word' id='word_1_63' title='bbox 1236 1427 1366 1491; x_wconf 83' lang='lat' dir='ltr'><strong>diversi-</strong></span> 
     </span>
     <span class='ocr_line' id='line_1_11' title="bbox 124 1516 1365 1599; baseline -0.002 -19"><span class='ocrx_word' id='word_1_64' title='bbox 124 1524 187 1580; x_wconf 88' lang='lat' dir='ltr'><strong>tate</strong></span> <span class='ocrx_word' id='word_1_65' title='bbox 209 1535 320 1596; x_wconf 85' lang='lat' dir='ltr'><strong>nexus,</strong></span> <span class='ocrx_word' id='word_1_66' title='bbox 343 1517 373 1579; x_wconf 94' lang='lat' dir='ltr'><strong>in</strong></span> <span class='ocrx_word' id='word_1_67' title='bbox 397 1536 458 1599; x_wconf 87' lang='lat' dir='ltr'><strong>quo</strong></span> <span class='ocrx_word' id='word_1_68' title='bbox 482 1524 529 1580; x_wconf 90' lang='lat' dir='ltr'><strong>est</strong></span> <span class='ocrx_word' id='word_1_69' title='bbox 552 1519 661 1599; x_wconf 88' lang='lat' dir='ltr'><strong>posita,</strong></span> <span class='ocrx_word' id='word_1_70' title='bbox 698 1518 852 1579; x_wconf 92' lang='lat' dir='ltr'><strong>diversum</strong></span> <span class='ocrx_word' id='word_1_71' title='bbox 876 1534 970 1597; x_wconf 83' lang='lat' dir='ltr'>saepe</span> <span class='ocrx_word' id='word_1_72' title='bbox 994 1517 1052 1579; x_wconf 91' lang='lat' dir='ltr'><strong>sibi</strong></span> <span class='ocrx_word' id='word_1_73' title='bbox 1074 1516 1209 1579; x_wconf 88' lang='lat' dir='ltr'><strong>vindicat</strong></span> <span class='ocrx_word' id='word_1_74' title='bbox 1233 1533 1365 1579; x_wconf 84' lang='lat' dir='ltr'><strong>sensum.</strong></span> 
     </span>
     <span class='ocr_line' id='line_1_12' title="bbox 123 1602 1366 1666; baseline -0.002 -1"><span class='ocrx_word' id='word_1_75' title='bbox 123 1602 208 1665; x_wconf 76' lang='lat' dir='ltr'><strong>llinc‘</strong></span> <span class='ocrx_word' id='word_1_76' title='bbox 232 1603 264 1665; x_wconf 93' lang='lat' dir='ltr'><strong>in</strong></span> <span class='ocrx_word' id='word_1_77' title='bbox 293 1605 433 1666; x_wconf 88' lang='lat' dir='ltr'><strong>oratione</strong></span> <span class='ocrx_word' id='word_1_78' title='bbox 465 1603 653 1666; x_wconf 80' lang='lat' dir='ltr'>cohaerente</span> <span class='ocrx_word' id='word_1_79' title='bbox 686 1603 815 1665; x_wconf 89' lang='lat' dir='ltr'><strong>accedat</strong></span> <span class='ocrx_word' id='word_1_80' title='bbox 847 1621 980 1665; x_wconf 90' lang='lat' dir='ltr'><strong>necesse</strong></span> <span class='ocrx_word' id='word_1_81' title='bbox 1011 1609 1060 1666; x_wconf 92' lang='lat' dir='ltr'><strong>est</strong></span> <span class='ocrx_word' id='word_1_82' title='bbox 1090 1604 1168 1665; x_wconf 91' lang='lat' dir='ltr'><strong>ratio</strong></span> <span class='ocrx_word' id='word_1_83' title='bbox 1206 1607 1366 1665; x_wconf 85' lang='lat' dir='ltr'><strong>contextus</strong></span> 
     </span>
     <span class='ocr_line' id='line_1_13' title="bbox 125 1687 1365 1771; baseline -0.002 -19"><span class='ocrx_word' id='word_1_84' title='bbox 125 1689 310 1767; x_wconf 84' lang='lat' dir='ltr'><strong>remotioris,</strong></span> <span class='ocrx_word' id='word_1_85' title='bbox 332 1689 363 1750; x_wconf 88' lang='lat' dir='ltr'><strong>vi</strong></span> <span class='ocrx_word' id='word_1_86' title='bbox 386 1690 473 1770; x_wconf 89' lang='lat' dir='ltr'><strong>eujus</strong></span> <span class='ocrx_word' id='word_1_87' title='bbox 507 1690 734 1771; x_wconf 71' lang='lat' dir='ltr'><strong>propositiones</strong></span> <span class='ocrx_word' id='word_1_88' title='bbox 758 1696 789 1752; x_wconf 91' lang='lat' dir='ltr'><strong>ct</strong></span> <span class='ocrx_word' id='word_1_89' title='bbox 810 1687 929 1771; x_wconf 88' lang='lat' dir='ltr'><strong>periodi</strong></span> <span class='ocrx_word' id='word_1_90' title='bbox 959 1687 1161 1752; x_wconf 79' lang='lat' dir='ltr'><strong>conseruntur</strong></span> <span class='ocrx_word' id='word_1_91' title='bbox 1183 1706 1254 1751; x_wconf 90' lang='lat' dir='ltr'><strong>cum</strong></span> <span class='ocrx_word' id='word_1_92' title='bbox 1276 1705 1365 1771; x_wconf 88' lang='lat' dir='ltr'><strong>prae-</strong></span> 
     </span>
     <span class='ocr_line' id='line_1_14' title="bbox 127 1772 1366 1857; baseline -0.002 -20"><span class='ocrx_word' id='word_1_93' title='bbox 127 1775 308 1838; x_wconf 89' lang='lat' dir='ltr'><strong>cedentibus</strong></span> <span class='ocrx_word' id='word_1_94' title='bbox 332 1782 363 1836; x_wconf 93' lang='lat' dir='ltr'><strong>et</strong></span> <span class='ocrx_word' id='word_1_95' title='bbox 385 1776 584 1857; x_wconf 89' lang='lat' dir='ltr'><strong>sequentibus</strong></span> <span class='ocrx_word' id='word_1_96' title='bbox 608 1776 755 1839; x_wconf 89' lang='lat' dir='ltr'><strong>orationis</strong></span> <span class='ocrx_word' id='word_1_97' title='bbox 778 1775 923 1856; x_wconf 91' lang='lat' dir='ltr'><strong>partibus.</strong></span> <span class='ocrx_word' id='word_1_98' title='bbox 965 1772 1136 1839; x_wconf 73' lang='lat' dir='ltr'><strong>contectos</strong></span> <span class='ocrx_word' id='word_1_99' title='bbox 1151 1776 1225 1854; x_wconf 81' lang='lat' dir='ltr'><strong>jone</strong></span> <span class='ocrx_word' id='word_1_100' title='bbox 1248 1774 1366 1855; x_wconf 65' lang='lat' dir='ltr'><strong>dogmas</strong></span> 
     </span>
     <span class='ocr_line' id='line_1_15' title="bbox 128 1860 416 1924; baseline -0.003 -1"><span class='ocrx_word' id='word_1_101' title='bbox 128 1863 281 1923; x_wconf 83' lang='lat' dir='ltr'><strong>remotior</strong></span> <span class='ocrx_word' id='word_1_102' title='bbox 304 1860 416 1924; x_wconf 89' lang='lat' dir='ltr'><strong>docet:</strong></span> 
     </span>
    </p>

    <p class='ocr_par' dir='ltr' id='par_1_8' title="bbox 120 1945 1366 2285">
     <span class='ocr_line' id='line_1_16' title="bbox 206 1945 1365 2033; baseline 0 -24"><span class='ocrx_word' id='word_1_103' title='bbox 206 1948 242 2033; x_wconf 83' lang='grc' dir='ltr'><strong>Ι1.</strong></span> <span class='ocrx_word' id='word_1_104' title='bbox 266 1946 428 2023; x_wconf 82' lang='lat' dir='ltr'><strong>Quaenam</strong></span> <span class='ocrx_word' id='word_1_105' title='bbox 450 1967 466 2009; x_wconf 87' lang='lat' dir='ltr'><strong>e</strong></span> <span class='ocrx_word' id='word_1_106' title='bbox 486 1946 634 2026; x_wconf 80' lang='lat' dir='ltr'><strong>pluribus</strong></span> <span class='ocrx_word' id='word_1_107' title='bbox 656 1948 754 2025; x_wconf 81' lang='lat' dir='ltr'><strong>cocis,</strong></span> <span class='ocrx_word' id='word_1_108' title='bbox 774 1946 897 2026; x_wconf 82' lang='lat' dir='ltr'><strong>formae</strong></span> <span class='ocrx_word' id='word_1_109' title='bbox 924 1954 981 2009; x_wconf 83' lang='lat' dir='ltr'><strong>cot</strong></span> <span class='ocrx_word' id='word_1_110' title='bbox 997 1947 1155 2027; x_wconf 82' lang='lat' dir='ltr'><strong>formulae</strong></span> <span class='ocrx_word' id='word_1_111' title='bbox 1178 1945 1365 2026; x_wconf 72' lang='lat' dir='ltr'><strong>significati-</strong></span> 
     </span>
     <span class='ocr_line' id='line_1_17' title="bbox 125 2032 1365 2114; baseline -0.002 -19"><span class='ocrx_word' id='word_1_112' title='bbox 125 2032 239 2095; x_wconf 80' lang='lat' dir='ltr'><strong>onibus</strong></span> <span class='ocrx_word' id='word_1_113' title='bbox 261 2035 305 2096; x_wconf 83' lang='lat' dir='ltr'><strong>sit</strong></span> <span class='ocrx_word' id='word_1_114' title='bbox 332 2032 550 2114; x_wconf 80' lang='lat' dir='ltr'><strong>praeferendo.</strong></span> <span class='ocrx_word' id='word_1_115' title='bbox 595 2033 631 2095; x_wconf 82' lang='lat' dir='ltr'><strong>st</strong></span> <span class='ocrx_word' id='word_1_116' title='bbox 652 2035 799 2095; x_wconf 79' lang='lat' dir='ltr'><strong>ninnirnm</strong></span> <span class='ocrx_word' id='word_1_117' title='bbox 828 2033 914 2094; x_wconf 81' lang='lat' dir='ltr'><strong>dicto</strong></span> <span class='ocrx_word' id='word_1_118' title='bbox 942 2034 990 2093; x_wconf 86' lang='lat' dir='ltr'><strong>ito</strong></span> <span class='ocrx_word' id='word_1_119' title='bbox 1011 2052 1046 2094; x_wconf 88' lang='lat' dir='ltr'><strong>sc</strong></span> <span class='ocrx_word' id='word_1_120' title='bbox 1067 2032 1191 2112; x_wconf 84' lang='lat' dir='ltr'><strong>babent,</strong></span> <span class='ocrx_word' id='word_1_121' title='bbox 1215 2042 1252 2095; x_wconf 86' lang='lat' dir='ltr'><strong>ot</strong></span> <span class='ocrx_word' id='word_1_122' title='bbox 1269 2049 1365 2113; x_wconf 86' lang='lat' dir='ltr'><strong>prae-</strong></span> 
     </span>
     <span class='ocr_line' id='line_1_18' title="bbox 120 2117 1366 2199; baseline -0.001 -18"><span class='ocrx_word' id='word_1_123' title='bbox 120 2118 241 2195; x_wconf 83' lang='lat' dir='ltr'><strong>dicato,</strong></span> <span class='ocrx_word' id='word_1_124' title='bbox 272 2137 430 2198; x_wconf 85' lang='lat' dir='ltr'><strong>personae</strong></span> <span class='ocrx_word' id='word_1_125' title='bbox 459 2121 585 2181; x_wconf 85' lang='lat' dir='ltr'><strong>cuidam</strong></span> <span class='ocrx_word' id='word_1_126' title='bbox 607 2130 663 2182; x_wconf 85' lang='lat' dir='ltr'><strong>cot</strong></span> <span class='ocrx_word' id='word_1_127' title='bbox 684 2121 732 2181; x_wconf 82' lang='lat' dir='ltr'><strong>rei</strong></span> <span class='ocrx_word' id='word_1_128' title='bbox 754 2138 810 2181; x_wconf 84' lang='lat' dir='ltr'><strong>ceu</strong></span> <span class='ocrx_word' id='word_1_129' title='bbox 832 2117 972 2196; x_wconf 72' lang='lat' dir='ltr'><strong>sch&#39;ecto</strong></span> <span class='ocrx_word' id='word_1_130' title='bbox 991 2120 1230 2199; x_wconf 80' lang='lat' dir='ltr'><strong>perorationis</strong></span> <span class='ocrx_word' id='word_1_131' title='bbox 1253 2118 1366 2181; x_wconf 78' lang='lat' dir='ltr'><strong>decar-</strong></span> 
     </span>
     <span class='ocr_line' id='line_1_19' title="bbox 125 2204 1366 2285; baseline 0 -20"><span class='ocrx_word' id='word_1_132' title='bbox 125 2212 196 2266; x_wconf 83' lang='lat' dir='ltr'><strong>au&#39;m</strong></span> <span class='ocrx_word' id='word_1_133' title='bbox 219 2205 359 2280; x_wconf 83' lang='lat' dir='ltr'><strong>tribato;</strong></span> <span class='ocrx_word' id='word_1_134' title='bbox 380 2214 416 2267; x_wconf 86' lang='lat' dir='ltr'><strong>at</strong></span> <span class='ocrx_word' id='word_1_135' title='bbox 436 2207 558 2284; x_wconf 81' lang='lat' dir='ltr'><strong>species</strong></span> <span class='ocrx_word' id='word_1_136' title='bbox 581 2207 721 2285; x_wconf 83' lang='lat' dir='ltr'><strong>ejusdcm</strong></span> <span class='ocrx_word' id='word_1_137' title='bbox 749 2207 884 2284; x_wconf 74' lang='lat' dir='ltr'><strong>pencris,</strong></span> <span class='ocrx_word' id='word_1_138' title='bbox 917 2214 952 2266; x_wconf 85' lang='lat' dir='ltr'><strong>nt</strong></span> <span class='ocrx_word' id='word_1_139' title='bbox 969 2213 1079 2284; x_wconf 86' lang='lat' dir='ltr'><strong>portes</strong></span> <span class='ocrx_word' id='word_1_140' title='bbox 1102 2205 1244 2283; x_wconf 76' lang='lat' dir='ltr'><strong>ejusdem</strong></span> <span class='ocrx_word' id='word_1_141' title='bbox 1266 2204 1366 2279; x_wconf 75' lang='lat' dir='ltr'><strong>totins,</strong></span> 
     </span>
    </p>

    <p class='ocr_par' dir='ltr' id='par_1_9' title="bbox 105 2286 1410 4178">
     <span class='ocr_line' id='line_1_20' title="bbox 105 2286 1367 2373; baseline -0.001 -22"><span class='ocrx_word' id='word_1_142' title='bbox 105 2286 162 2352; x_wconf 65' lang='lat' dir='ltr'><strong>&#39;ut</strong></span> <span class='ocrx_word' id='word_1_143' title='bbox 193 2292 277 2352; x_wconf 83' lang='lat' dir='ltr'><strong>rotie</strong></span> <span class='ocrx_word' id='word_1_144' title='bbox 309 2298 340 2353; x_wconf 87' lang='lat' dir='ltr'><strong>et</strong></span> <span class='ocrx_word' id='word_1_145' title='bbox 361 2310 574 2371; x_wconf 80' lang='lat' dir='ltr'><strong>consequens,</strong></span> <span class='ocrx_word' id='word_1_146' title='bbox 607 2300 643 2354; x_wconf 86' lang='lat' dir='ltr'><strong>ct</strong></span> <span class='ocrx_word' id='word_1_147' title='bbox 674 2293 816 2371; x_wconf 82' lang='lat' dir='ltr'><strong>quaestio</strong></span> <span class='ocrx_word' id='word_1_148' title='bbox 851 2299 880 2352; x_wconf 90' lang='lat' dir='ltr'><strong>et</strong></span> <span class='ocrx_word' id='word_1_149' title='bbox 912 2292 1096 2370; x_wconf 84' lang='lat' dir='ltr'><strong>responsio,</strong></span> <span class='ocrx_word' id='word_1_150' title='bbox 1118 2300 1154 2354; x_wconf 82' lang='lat' dir='ltr'><strong>ut</strong></span> <span class='ocrx_word' id='word_1_151' title='bbox 1175 2299 1367 2373; x_wconf 83' lang='lat' dir='ltr'><strong>comparato,</strong></span> 
     </span>
     <span class='ocr_line' id='line_1_21' title="bbox 127 2374 1367 2458; baseline -0.001 -20"><span class='ocrx_word' id='word_1_152' title='bbox 127 2377 325 2453; x_wconf 84' lang='lat' dir='ltr'><strong>coordinata,</strong></span> <span class='ocrx_word' id='word_1_153' title='bbox 349 2377 508 2440; x_wconf 86' lang='lat' dir='ltr'><strong>correlotn</strong></span> <span class='ocrx_word' id='word_1_154' title='bbox 530 2374 562 2439; x_wconf 81' lang='lat' dir='ltr'><strong>c&#39;t</strong></span> <span class='ocrx_word' id='word_1_155' title='bbox 582 2381 746 2458; x_wconf 82' lang='lat' dir='ltr'><strong>opposito:</strong></span> <span class='ocrx_word' id='word_1_156' title='bbox 769 2375 900 2438; x_wconf 77' lang='lat' dir='ltr'><strong>occidor</strong></span> <span class='ocrx_word' id='word_1_157' title='bbox 922 2395 986 2437; x_wconf 86' lang='lat' dir='ltr'><strong>non</strong></span> <span class='ocrx_word' id='word_1_158' title='bbox 1008 2386 1056 2439; x_wconf 88' lang='lat' dir='ltr'><strong>est</strong></span> <span class='ocrx_word' id='word_1_159' title='bbox 1077 2376 1246 2439; x_wconf 83' lang='lat' dir='ltr'><strong>tribuendo</strong></span> <span class='ocrx_word' id='word_1_160' title='bbox 1267 2376 1367 2455; x_wconf 76' lang='lat' dir='ltr'><strong>sipari-</strong></span> 
     </span>
     <span class='ocr_line' id='line_1_22' title="bbox 124 2462 1367 2545; baseline -0.002 -21"><span class='ocrx_word' id='word_1_161' title='bbox 124 2463 243 2543; x_wconf 74' lang='lat' dir='ltr'><strong>ficotio,</strong></span> <span class='ocrx_word' id='word_1_162' title='bbox 276 2481 339 2544; x_wconf 84' lang='lat' dir='ltr'><strong>qno</strong></span> <span class='ocrx_word' id='word_1_163' title='bbox 371 2463 428 2525; x_wconf 80' lang='lat' dir='ltr'><strong>illc</strong></span> <span class='ocrx_word' id='word_1_164' title='bbox 450 2482 551 2526; x_wconf 79' lang='lat' dir='ltr'><strong>necne</strong></span> <span class='ocrx_word' id='word_1_165' title='bbox 585 2464 680 2544; x_wconf 68' lang='lat' dir='ltr'><strong>logici</strong></span> <span class='ocrx_word' id='word_1_166' title='bbox 715 2464 878 2526; x_wconf 79' lang='lat' dir='ltr'><strong>tolleretur</strong></span> <span class='ocrx_word' id='word_1_167' title='bbox 906 2463 1040 2537; x_wconf 83' lang='lat' dir='ltr'><strong>relata&#39;03</strong></span> <span class='ocrx_word' id='word_1_168' title='bbox 1074 2464 1163 2544; x_wconf 81' lang='lat' dir='ltr'><strong>cique</strong></span> <span class='ocrx_word' id='word_1_169' title='bbox 1186 2482 1202 2524; x_wconf 88' lang='lat' dir='ltr'><strong>e</strong></span> <span class='ocrx_word' id='word_1_170' title='bbox 1223 2462 1367 2545; x_wconf 77' lang='lat' dir='ltr'><strong>pleribus</strong></span> 
     </span>
     <span class='ocr_line' id='line_1_23' title="bbox 124 2548 1368 2628; baseline 0.002 -20"><span class='ocrx_word' id='word_1_171' title='bbox 124 2548 410 2627; x_wconf 66' lang='lat' dir='ltr'><strong>significationibus</strong></span> <span class='ocrx_word' id='word_1_172' title='bbox 443 2549 596 2611; x_wconf 85' lang='lat' dir='ltr'><strong>oecobclo</strong></span> <span class='ocrx_word' id='word_1_173' title='bbox 628 2551 754 2612; x_wconf 83' lang='lat' dir='ltr'><strong>cuidam</strong></span> <span class='ocrx_word' id='word_1_174' title='bbox 787 2548 1031 2628; x_wconf 82' lang='lat' dir='ltr'><strong>competentibus</strong></span> <span class='ocrx_word' id='word_1_175' title='bbox 1053 2568 1180 2626; x_wconf 80' lang='lat' dir='ltr'><strong>omnes,</strong></span> <span class='ocrx_word' id='word_1_176' title='bbox 1209 2548 1368 2611; x_wconf 75' lang='lat' dir='ltr'><strong>endroit</strong></span> 
     </span>
     <span class='ocr_line' id='line_1_24' title="bbox 126 2630 1368 2715; baseline 0.002 -21"><span class='ocrx_word' id='word_1_177' title='bbox 126 2636 269 2712; x_wconf 72' lang='lat' dir='ltr'><strong>eccepto,</strong></span> <span class='ocrx_word' id='word_1_178' title='bbox 302 2652 416 2695; x_wconf 78' lang='lat' dir='ltr'><strong>oenone</strong></span> <span class='ocrx_word' id='word_1_179' title='bbox 445 2634 527 2695; x_wconf 84' lang='lat' dir='ltr'><strong>benc</strong></span> <span class='ocrx_word' id='word_1_180' title='bbox 559 2636 691 2715; x_wconf 67' lang='lat' dir='ltr'><strong>logicum</strong></span> <span class='ocrx_word' id='word_1_181' title='bbox 721 2635 893 2711; x_wconf 84' lang='lat' dir='ltr'><strong>turbarent,</strong></span> <span class='ocrx_word' id='word_1_182' title='bbox 916 2630 976 2697; x_wconf 82' lang='lat' dir='ltr'><strong>illo</strong></span> <span class='ocrx_word' id='word_1_183' title='bbox 997 2636 1068 2696; x_wconf 89' lang='lat' dir='ltr'><strong>solo</strong></span> <span class='ocrx_word' id='word_1_184' title='bbox 1091 2654 1112 2697; x_wconf 91' lang='lat' dir='ltr'><strong>c</strong></span> <span class='ocrx_word' id='word_1_185' title='bbox 1134 2653 1234 2696; x_wconf 84' lang='lat' dir='ltr'><strong>sonae</strong></span> <span class='ocrx_word' id='word_1_186' title='bbox 1258 2635 1368 2696; x_wconf 80' lang='lat' dir='ltr'><strong>mentia</strong></span> 
     </span>
     <span class='ocr_line' id='line_1_25' title="bbox 126 2717 1369 2803; baseline -0.002 -23"><span class='ocrx_word' id='word_1_187' title='bbox 126 2728 256 2781; x_wconf 82' lang='lat' dir='ltr'><strong>erectore</strong></span> <span class='ocrx_word' id='word_1_188' title='bbox 288 2726 432 2798; x_wconf 82' lang='lat' dir='ltr'><strong>spectata</strong></span> <span class='ocrx_word' id='word_1_189' title='bbox 463 2722 523 2782; x_wconf 82' lang='lat' dir='ltr'><strong>erit</strong></span> <span class='ocrx_word' id='word_1_190' title='bbox 551 2721 704 2783; x_wconf 86' lang='lat' dir='ltr'><strong>babendo.</strong></span> <span class='ocrx_word' id='word_1_191' title='bbox 750 2718 800 2784; x_wconf 86' lang='lat' dir='ltr'><strong>Sic</strong></span> <span class='ocrx_word' id='word_1_192' title='bbox 822 2739 850 2782; x_wconf 87' lang='lat' dir='ltr'><strong>v.</strong></span> <span class='ocrx_word' id='word_1_193' title='bbox 874 2739 904 2803; x_wconf 89' lang='lat' dir='ltr'><strong>g.</strong></span> <span class='ocrx_word' id='word_1_194' title='bbox 934 2719 984 2782; x_wconf 89' lang='lat' dir='ltr'><strong>Mt.</strong></span> <span class='ocrx_word' id='word_1_195' title='bbox 1009 2721 1040 2799; x_wconf 83' lang='lat'><strong>5,</strong></span> <span class='ocrx_word' id='word_1_196' title='bbox 1065 2726 1093 2783; x_wconf 87' lang='lat'><strong>3.</strong></span> <span class='ocrx_word' id='word_1_197' title='bbox 1122 2738 1233 2783; x_wconf 87' lang='lat' dir='ltr'><strong>vocem</strong></span> <span class='ocrx_word' id='word_1_198' title='bbox 1256 2717 1369 2801; x_wconf 75' lang='grc' dir='ltr'><strong><em>πτωχοὶ</em></strong></span> 
     </span>
     <span class='ocr_line' id='line_1_26' title="bbox 126 2803 1368 2888; baseline 0.002 -23"><span class='ocrx_word' id='word_1_199' title='bbox 126 2820 191 2865; x_wconf 89' lang='lat' dir='ltr'><strong>non</strong></span> <span class='ocrx_word' id='word_1_200' title='bbox 221 2803 369 2866; x_wconf 86' lang='lat' dir='ltr'><strong>denotare</strong></span> <span class='ocrx_word' id='word_1_201' title='bbox 398 2806 537 2867; x_wconf 91' lang='lat' dir='ltr'><strong>homines</strong></span> <span class='ocrx_word' id='word_1_202' title='bbox 572 2806 680 2888; x_wconf 91' lang='lat' dir='ltr'><strong>opibus</strong></span> <span class='ocrx_word' id='word_1_203' title='bbox 718 2812 878 2883; x_wconf 86' lang='lat' dir='ltr'><strong>carentes,</strong></span> <span class='ocrx_word' id='word_1_204' title='bbox 903 2807 955 2887; x_wconf 92' lang='lat' dir='ltr'><strong>qui</strong></span> <span class='ocrx_word' id='word_1_205' title='bbox 979 2807 1018 2869; x_wconf 96' lang='lat' dir='ltr'><strong>ob</strong></span> <span class='ocrx_word' id='word_1_206' title='bbox 1040 2806 1121 2868; x_wconf 92' lang='lat' dir='ltr'><strong>bunc</strong></span> <span class='ocrx_word' id='word_1_207' title='bbox 1144 2804 1245 2870; x_wconf 88' lang='lat' dir='ltr'><strong>solum</strong></span> <span class='ocrx_word' id='word_1_208' title='bbox 1265 2804 1368 2868; x_wconf 82' lang='lat' dir='ltr'><strong>lacud-</strong></span> 
     </span>
     <span class='ocr_line' id='line_1_27' title="bbox 126 2882 1367 2975; baseline 0.002 -25"><span class='ocrx_word' id='word_1_209' title='bbox 126 2892 221 2951; x_wconf 76' lang='lat' dir='ltr'><strong>tatum</strong></span> <span class='ocrx_word' id='word_1_210' title='bbox 244 2882 398 2951; x_wconf 87' lang='lat' dir='ltr'><strong>delectum</strong></span> <span class='ocrx_word' id='word_1_211' title='bbox 420 2891 502 2953; x_wconf 89' lang='lat' dir='ltr'><strong>beati</strong></span> <span class='ocrx_word' id='word_1_212' title='bbox 524 2892 785 2972; x_wconf 87' lang='lat' dir='ltr'><strong>praedicarentur,</strong></span> <span class='ocrx_word' id='word_1_213' title='bbox 809 2892 1009 2974; x_wconf 85' lang='lat' dir='ltr'><strong>cognoscitur</strong></span> <span class='ocrx_word' id='word_1_214' title='bbox 1030 2911 1047 2955; x_wconf 93' lang='lat' dir='ltr'><strong>e</strong></span> <span class='ocrx_word' id='word_1_215' title='bbox 1072 2899 1221 2955; x_wconf 85' lang='lat' dir='ltr'><strong>contextu</strong></span> <span class='ocrx_word' id='word_1_216' title='bbox 1243 2909 1367 2975; x_wconf 85' lang='lat' dir='ltr'><strong>quoque</strong></span> 
     </span>
     <span class='ocr_line' id='line_1_28' title="bbox 126 2974 1367 3060; baseline 0.002 -23"><span class='ocrx_word' id='word_1_217' title='bbox 126 2974 285 3038; x_wconf 88' lang='lat' dir='ltr'><strong>remotiori</strong></span> <span class='ocrx_word' id='word_1_218' title='bbox 294 2996 303 3053; x_wconf 85' lang='lat'><em>3</em></span> <span class='ocrx_word' id='word_1_219' title='bbox 335 2977 366 3037; x_wconf 93' lang='lat' dir='ltr'><strong>in</strong></span> <span class='ocrx_word' id='word_1_220' title='bbox 400 2979 598 3057; x_wconf 88' lang='lat' dir='ltr'><strong>sequentibus</strong></span> <span class='ocrx_word' id='word_1_221' title='bbox 622 2980 703 3041; x_wconf 90' lang='lat' dir='ltr'><strong>enim</strong></span> <span class='ocrx_word' id='word_1_222' title='bbox 736 2978 879 3039; x_wconf 91' lang='lat' dir='ltr'><strong>membris</strong></span> <span class='ocrx_word' id='word_1_223' title='bbox 901 2977 1004 3060; x_wconf 80' lang='lat' dir='ltr'><strong>logice</strong></span> <span class='ocrx_word' id='word_1_224' title='bbox 1028 2997 1096 3041; x_wconf 93' lang='lat' dir='ltr'><strong>cum</strong></span> <span class='ocrx_word' id='word_1_225' title='bbox 1125 2979 1225 3041; x_wconf 88' lang='lat' dir='ltr'><strong>bocce</strong></span> <span class='ocrx_word' id='word_1_226' title='bbox 1250 2976 1367 3041; x_wconf 77' lang='lat' dir='ltr'><strong>cohae-</strong></span> 
     </span>
     <span class='ocr_line' id='line_1_29' title="bbox 126 3062 1367 3145; baseline 0.002 -21"><span class='ocrx_word' id='word_1_227' title='bbox 126 3062 264 3124; x_wconf 86' lang='lat' dir='ltr'><strong>rentibus</strong></span> <span class='ocrx_word' id='word_1_228' title='bbox 299 3070 554 3126; x_wconf 90' lang='lat' dir='ltr'><strong>commemoratur</strong></span> <span class='ocrx_word' id='word_1_229' title='bbox 585 3065 669 3127; x_wconf 82' lang='lat' dir='ltr'><strong>varia</strong></span> <span class='ocrx_word' id='word_1_230' title='bbox 704 3064 793 3127; x_wconf 91' lang='lat' dir='ltr'><strong>animi</strong></span> <span class='ocrx_word' id='word_1_231' title='bbox 828 3064 1004 3145; x_wconf 84' lang='lat' dir='ltr'><strong>dispositio,</strong></span> <span class='ocrx_word' id='word_1_232' title='bbox 1036 3065 1075 3127; x_wconf 97' lang='lat' dir='ltr'><strong>ob</strong></span> <span class='ocrx_word' id='word_1_233' title='bbox 1105 3083 1195 3145; x_wconf 87' lang='lat' dir='ltr'><strong>quam</strong></span> <span class='ocrx_word' id='word_1_234' title='bbox 1228 3064 1367 3127; x_wconf 89' lang='lat' dir='ltr'><strong>diversas</strong></span> 
     </span>
     <span class='ocr_line' id='line_1_30' title="bbox 127 3147 1367 3232; baseline 0.003 -23"><span class='ocrx_word' id='word_1_235' title='bbox 127 3147 282 3209; x_wconf 92' lang='lat' dir='ltr'><strong>bominum</strong></span> <span class='ocrx_word' id='word_1_236' title='bbox 315 3149 431 3210; x_wconf 90' lang='lat' dir='ltr'><strong>classes</strong></span> <span class='ocrx_word' id='word_1_237' title='bbox 463 3150 568 3213; x_wconf 86' lang='lat' dir='ltr'><strong>beatas</strong></span> <span class='ocrx_word' id='word_1_238' title='bbox 598 3150 756 3231; x_wconf 90' lang='lat' dir='ltr'><strong>praedicat</strong></span> <span class='ocrx_word' id='word_1_239' title='bbox 778 3149 933 3224; x_wconf 81' lang='lat' dir='ltr'><strong>Christus3</strong></span> <span class='ocrx_word' id='word_1_240' title='bbox 956 3157 989 3212; x_wconf 93' lang='grc' dir='ltr'><strong>ιιι</strong></span> <span class='ocrx_word' id='word_1_241' title='bbox 1012 3168 1088 3232; x_wconf 89' lang='lat' dir='ltr'><strong>ergo</strong></span> <span class='ocrx_word' id='word_1_242' title='bbox 1113 3151 1203 3213; x_wconf 87' lang='lat' dir='ltr'><strong>etiam</strong></span> <span class='ocrx_word' id='word_1_243' title='bbox 1226 3149 1277 3213; x_wconf 90' lang='lat' dir='ltr'><strong>bic</strong></span> <span class='ocrx_word' id='word_1_244' title='bbox 1301 3150 1367 3213; x_wconf 91' lang='lat' dir='ltr'><strong>talis</strong></span> 
     </span>
     <span class='ocr_line' id='line_1_31' title="bbox 127 3233 1368 3319; baseline 0.002 -24"><span class='ocrx_word' id='word_1_245' title='bbox 127 3233 217 3295; x_wconf 89' lang='lat' dir='ltr'><strong>animi</strong></span> <span class='ocrx_word' id='word_1_246' title='bbox 240 3233 448 3313; x_wconf 90' lang='lat' dir='ltr'><strong>dispositionis</strong></span> <span class='ocrx_word' id='word_1_247' title='bbox 472 3235 551 3297; x_wconf 88' lang='lat' dir='ltr'><strong>adsit</strong></span> <span class='ocrx_word' id='word_1_248' title='bbox 580 3237 712 3317; x_wconf 90' lang='lat' dir='ltr'><strong>species,</strong></span> <span class='ocrx_word' id='word_1_249' title='bbox 736 3254 815 3316; x_wconf 90' lang='lat' dir='ltr'><strong>quae</strong></span> <span class='ocrx_word' id='word_1_250' title='bbox 839 3237 982 3317; x_wconf 87' lang='lat' dir='ltr'><strong>congruit</strong></span> <span class='ocrx_word' id='word_1_251' title='bbox 1004 3254 1071 3298; x_wconf 95' lang='lat' dir='ltr'><strong>cum</strong></span> <span class='ocrx_word' id='word_1_252' title='bbox 1094 3236 1220 3319; x_wconf 89' lang='lat' dir='ltr'><strong>reliquis</strong></span> <span class='ocrx_word' id='word_1_253' title='bbox 1243 3237 1368 3318; x_wconf 90' lang='lat' dir='ltr'><strong>specie-</strong></span> 
     </span>
     <span class='ocr_line' id='line_1_32' title="bbox 125 3317 1367 3404; baseline 0.001 -24"><span class='ocrx_word' id='word_1_254' title='bbox 125 3317 184 3380; x_wconf 85' lang='lat' dir='ltr'><strong>bus</strong></span> <span class='ocrx_word' id='word_1_255' title='bbox 207 3319 346 3401; x_wconf 88' lang='lat' dir='ltr'><strong>ejusdem</strong></span> <span class='ocrx_word' id='word_1_256' title='bbox 368 3320 511 3403; x_wconf 88' lang='lat' dir='ltr'><strong>generis:</strong></span> <span class='ocrx_word' id='word_1_257' title='bbox 525 3325 568 3397; x_wconf 73' lang='grc' dir='ltr'><strong>τῷ</strong></span> <span class='ocrx_word' id='word_1_258' title='bbox 591 3317 734 3401; x_wconf 73' lang='grc' dir='ltr'><strong>πνεύματι</strong></span> <span class='ocrx_word' id='word_1_259' title='bbox 756 3339 825 3383; x_wconf 93' lang='lat' dir='ltr'><strong>cum</strong></span> <span class='ocrx_word' id='word_1_260' title='bbox 847 3322 876 3381; x_wconf 86' lang='grc' dir='ltr'><strong>οι</strong></span> <span class='ocrx_word' id='word_1_261' title='bbox 898 3322 1013 3401; x_wconf 75' lang='grc' dir='ltr'><em>πτωχοὶ</em></span> <span class='ocrx_word' id='word_1_262' title='bbox 1036 3321 1287 3404; x_wconf 89' lang='lat' dir='ltr'><strong>conjungendum</strong></span> <span class='ocrx_word' id='word_1_263' title='bbox 1311 3328 1367 3399; x_wconf 91' lang='lat' dir='ltr'><strong>est,</strong></span> 
     </span>
     <span class='ocr_line' id='line_1_33' title="bbox 125 3402 1368 3489; baseline 0.004 -25"><span class='ocrx_word' id='word_1_264' title='bbox 125 3403 168 3466; x_wconf 90' lang='lat' dir='ltr'><strong>ita</strong></span> <span class='ocrx_word' id='word_1_265' title='bbox 190 3411 223 3466; x_wconf 88' lang='lat' dir='ltr'><strong>ut</strong></span> <span class='ocrx_word' id='word_1_266' title='bbox 244 3404 451 3489; x_wconf 79' lang='lat' dir='ltr'><strong>intelligantur</strong></span> <span class='ocrx_word' id='word_1_267' title='bbox 471 3405 621 3484; x_wconf 90' lang='lat' dir='ltr'><strong>homines,</strong></span> <span class='ocrx_word' id='word_1_268' title='bbox 645 3407 696 3488; x_wconf 89' lang='lat' dir='ltr'><strong>qui</strong></span> <span class='ocrx_word' id='word_1_269' title='bbox 720 3424 778 3487; x_wconf 91' lang='lat' dir='ltr'><strong>ope</strong></span> <span class='ocrx_word' id='word_1_270' title='bbox 801 3406 1018 3488; x_wconf 88' lang='lat' dir='ltr'><strong>principiorum</strong></span> <span class='ocrx_word' id='word_1_271' title='bbox 1041 3406 1277 3471; x_wconf 86' lang='lat' dir='ltr'><strong>christianorum</strong></span> <span class='ocrx_word' id='word_1_272' title='bbox 1301 3402 1368 3471; x_wconf 79' lang='lat' dir='ltr'><strong>an&#39;i-</strong></span> 
     </span>
     <span class='ocr_line' id='line_1_34' title="bbox 127 3492 1368 3571; baseline 0.006 -22"><span class='ocrx_word' id='word_1_273' title='bbox 127 3507 208 3550; x_wconf 91' lang='lat' dir='ltr'><strong>mum</strong></span> <span class='ocrx_word' id='word_1_274' title='bbox 230 3506 319 3553; x_wconf 88' lang='lat' dir='ltr'><strong>suum</strong></span> <span class='ocrx_word' id='word_1_275' title='bbox 342 3492 380 3554; x_wconf 94' lang='lat' dir='ltr'><strong>ab</strong></span> <span class='ocrx_word' id='word_1_276' title='bbox 403 3509 507 3554; x_wconf 91' lang='lat' dir='ltr'><strong>amore</strong></span> <span class='ocrx_word' id='word_1_277' title='bbox 531 3511 567 3555; x_wconf 90' lang='lat' dir='ltr'><strong>ac</strong></span> <span class='ocrx_word' id='word_1_278' title='bbox 601 3492 755 3555; x_wconf 90' lang='lat' dir='ltr'><strong>desiderio</strong></span> <span class='ocrx_word' id='word_1_279' title='bbox 788 3492 938 3556; x_wconf 90' lang='lat' dir='ltr'><strong>bonorum</strong></span> <span class='ocrx_word' id='word_1_280' title='bbox 970 3495 1160 3556; x_wconf 83' lang='lat' dir='ltr'><strong>terrestrium</strong></span> <span class='ocrx_word' id='word_1_281' title='bbox 1190 3494 1368 3571; x_wconf 83' lang='lat' dir='ltr'><strong>liberarunt,</strong></span> 
     </span>
     <span class='ocr_line' id='line_1_35' title="bbox 125 3575 1368 3661; baseline 0.006 -25"><span class='ocrx_word' id='word_1_282' title='bbox 125 3575 168 3636; x_wconf 85' lang='lat' dir='ltr'><strong>ita</strong></span> <span class='ocrx_word' id='word_1_283' title='bbox 191 3580 225 3637; x_wconf 88' lang='lat' dir='ltr'><strong>ut</strong></span> <span class='ocrx_word' id='word_1_284' title='bbox 245 3581 308 3637; x_wconf 91' lang='lat' dir='ltr'><strong>tum</strong></span> <span class='ocrx_word' id='word_1_285' title='bbox 338 3579 558 3658; x_wconf 89' lang='lat' dir='ltr'><strong>possessione,</strong></span> <span class='ocrx_word' id='word_1_286' title='bbox 590 3584 653 3641; x_wconf 87' lang='lat' dir='ltr'><strong>tum</strong></span> <span class='ocrx_word' id='word_1_287' title='bbox 683 3579 785 3660; x_wconf 80' lang='lat' dir='ltr'><strong>inopia</strong></span> <span class='ocrx_word' id='word_1_288' title='bbox 817 3578 855 3640; x_wconf 88' lang='lat' dir='ltr'><strong>ad</strong></span> <span class='ocrx_word' id='word_1_289' title='bbox 889 3578 1013 3641; x_wconf 88' lang='lat' dir='ltr'><strong>altiores</strong></span> <span class='ocrx_word' id='word_1_290' title='bbox 1044 3578 1120 3641; x_wconf 88' lang='lat' dir='ltr'><strong>fines</strong></span> <span class='ocrx_word' id='word_1_291' title='bbox 1154 3580 1368 3661; x_wconf 87' lang='lat' dir='ltr'><strong>assequendos</strong></span> 
     </span>
     <span class='ocr_line' id='line_1_36' title="bbox 126 3658 1369 3748; baseline 0.005 -25"><span class='ocrx_word' id='word_1_292' title='bbox 126 3666 258 3723; x_wconf 91' lang='lat' dir='ltr'><strong>utantur.</strong></span> <span class='ocrx_word' id='word_1_293' title='bbox 303 3658 388 3725; x_wconf 86' lang='lat' dir='ltr'><strong>llam.</strong></span> <span class='ocrx_word' id='word_1_294' title='bbox 405 3664 455 3742; x_wconf 83' lang='lat'><strong>14,</strong></span> <span class='ocrx_word' id='word_1_295' title='bbox 470 3663 522 3728; x_wconf 91' lang='grc'><strong>23.</strong></span> <span class='ocrx_word' id='word_1_296' title='bbox 545 3666 657 3727; x_wconf 89' lang='lat' dir='ltr'><strong>verba:</strong></span> <span class='ocrx_word' id='word_1_297' title='bbox 683 3664 811 3745; x_wconf 71' lang='lat' dir='ltr'><strong>„Omne</strong></span> <span class='ocrx_word' id='word_1_298' title='bbox 834 3664 917 3746; x_wconf 91' lang='lat' dir='ltr'><strong>quod</strong></span> <span class='ocrx_word' id='word_1_299' title='bbox 938 3682 1001 3726; x_wconf 90' lang='lat' dir='ltr'><strong>non</strong></span> <span class='ocrx_word' id='word_1_300' title='bbox 1024 3672 1072 3727; x_wconf 91' lang='lat' dir='ltr'><strong>est</strong></span> <span class='ocrx_word' id='word_1_301' title='bbox 1095 3685 1136 3727; x_wconf 89' lang='lat' dir='ltr'><strong>ex</strong></span> <span class='ocrx_word' id='word_1_302' title='bbox 1155 3665 1228 3743; x_wconf 82' lang='lat' dir='ltr'><strong>ide,</strong></span> <span class='ocrx_word' id='word_1_303' title='bbox 1253 3684 1369 3748; x_wconf 87' lang='lat' dir='ltr'><strong>pecca-</strong></span> 
     </span>
     <span class='ocr_line' id='line_1_37' title="bbox 126 3748 1369 3832; baseline 0.002 -23"><span class='ocrx_word' id='word_1_304' title='bbox 126 3753 190 3809; x_wconf 89' lang='lat' dir='ltr'><strong>tum</strong></span> <span class='ocrx_word' id='word_1_305' title='bbox 213 3748 292 3825; x_wconf 80' lang='lat' dir='ltr'><strong>est,“</strong></span> <span class='ocrx_word' id='word_1_306' title='bbox 317 3749 407 3812; x_wconf 88' lang='lat' dir='ltr'><strong>inse</strong></span> <span class='ocrx_word' id='word_1_307' title='bbox 441 3758 577 3830; x_wconf 88' lang='lat' dir='ltr'><strong>spectata</strong></span> <span class='ocrx_word' id='word_1_308' title='bbox 601 3751 749 3813; x_wconf 86' lang='lat' dir='ltr'><strong>denotare</strong></span> <span class='ocrx_word' id='word_1_309' title='bbox 780 3757 926 3832; x_wconf 89' lang='lat' dir='ltr'><strong>possent:</strong></span> <span class='ocrx_word' id='word_1_310' title='bbox 951 3750 1152 3832; x_wconf 87' lang='lat' dir='ltr'><strong>Quidcunque</strong></span> <span class='ocrx_word' id='word_1_311' title='bbox 1175 3751 1214 3813; x_wconf 91' lang='lat' dir='ltr'><strong>ab</strong></span> <span class='ocrx_word' id='word_1_312' title='bbox 1245 3750 1369 3814; x_wconf 92' lang='lat' dir='ltr'><strong>bomine</strong></span> 
     </span>
     <span class='ocr_line' id='line_1_38' title="bbox 124 3833 1410 3920; baseline 0.001 -26"><span class='ocrx_word' id='word_1_313' title='bbox 124 3849 189 3895; x_wconf 89' lang='lat' dir='ltr'><strong>non</strong></span> <span class='ocrx_word' id='word_1_314' title='bbox 211 3833 378 3896; x_wconf 90' lang='lat' dir='ltr'><strong>christiano</strong></span> <span class='ocrx_word' id='word_1_315' title='bbox 400 3837 657 3917; x_wconf 87' lang='lat' dir='ltr'><strong>peragitur,&#39;utut</strong></span> <span class='ocrx_word' id='word_1_316' title='bbox 689 3836 803 3898; x_wconf 92' lang='lat' dir='ltr'><strong>bonum</strong></span> <span class='ocrx_word' id='word_1_317' title='bbox 824 3836 974 3915; x_wconf 90' lang='lat' dir='ltr'><strong>videatur,</strong></span> <span class='ocrx_word' id='word_1_318' title='bbox 1009 3845 1169 3920; x_wconf 87' lang='lat' dir='ltr'><strong>peccatum</strong></span> <span class='ocrx_word' id='word_1_319' title='bbox 1192 3843 1252 3915; x_wconf 90' lang='lat' dir='ltr'><strong>est,</strong></span> <span class='ocrx_word' id='word_1_320' title='bbox 1275 3844 1308 3900; x_wconf 87' lang='lat' dir='ltr'><strong>et</strong></span> <span class='ocrx_word' id='word_1_321' title='bbox 1331 3855 1370 3899; x_wconf 83' lang='lat' dir='ltr'><strong>ex</strong></span> <span class='ocrx_word' id='word_1_322' title='bbox 1408 3890 1410 3895; x_wconf 83' lang='lat'><em>.</em></span> 
     </span>
     <span class='ocr_line' id='line_1_39' title="bbox 126 3916 1370 4005; baseline 0.002 -22"><span class='ocrx_word' id='word_1_323' title='bbox 126 3916 280 3983; x_wconf 90' lang='lat' dir='ltr'><strong>hocloco</strong></span> <span class='ocrx_word' id='word_1_324' title='bbox 303 3936 412 3983; x_wconf 88' lang='lat' dir='ltr'><strong>revera</strong></span> <span class='ocrx_word' id='word_1_325' title='bbox 434 3923 570 3984; x_wconf 92' lang='lat' dir='ltr'><strong>nonnulli</strong></span> <span class='ocrx_word' id='word_1_326' title='bbox 604 3923 814 3985; x_wconf 89' lang='lat' dir='ltr'><strong>demonstrare</strong></span> <span class='ocrx_word' id='word_1_327' title='bbox 842 3922 1015 4000; x_wconf 88' lang='lat' dir='ltr'><strong>voluerunt,</strong></span> <span class='ocrx_word' id='word_1_328' title='bbox 1049 3924 1177 3986; x_wconf 87' lang='lat' dir='ltr'><strong>virtutes</strong></span> <span class='ocrx_word' id='word_1_329' title='bbox 1210 3922 1370 4005; x_wconf 79' lang='lat' dir='ltr'><strong>gentilium</strong></span> 
     </span>
     <span class='ocr_line' id='line_1_40' title="bbox 124 4004 1369 4090; baseline 0.002 -23"><span class='ocrx_word' id='word_1_330' title='bbox 124 4004 199 4067; x_wconf 87' lang='lat' dir='ltr'><strong>nihil</strong></span> <span class='ocrx_word' id='word_1_331' title='bbox 221 4022 310 4083; x_wconf 90' lang='lat' dir='ltr'><strong>esso,</strong></span> <span class='ocrx_word' id='word_1_332' title='bbox 341 4006 401 4068; x_wconf 93' lang='lat' dir='ltr'><strong>nisi</strong></span> <span class='ocrx_word' id='word_1_333' title='bbox 435 4007 592 4090; x_wconf 89' lang='lat' dir='ltr'><strong>splendida</strong></span> <span class='ocrx_word' id='word_1_334' title='bbox 623 4010 714 4085; x_wconf 85' lang='lat' dir='ltr'><strong>vitia3</strong></span> <span class='ocrx_word' id='word_1_335' title='bbox 750 4015 797 4071; x_wconf 90' lang='lat' dir='ltr'><strong>ast</strong></span> <span class='ocrx_word' id='word_1_336' title='bbox 819 4009 845 4071; x_wconf 89' lang='lat' dir='ltr'><strong>si</strong></span> <span class='ocrx_word' id='word_1_337' title='bbox 867 4008 918 4071; x_wconf 91' lang='lat' dir='ltr'><strong>illa</strong></span> <span class='ocrx_word' id='word_1_338' title='bbox 941 4010 1093 4071; x_wconf 90' lang='lat' dir='ltr'><strong>sententia</strong></span> <span class='ocrx_word' id='word_1_339' title='bbox 1122 4010 1154 4072; x_wconf 91' lang='lat' dir='ltr'><strong>in</strong></span> <span class='ocrx_word' id='word_1_340' title='bbox 1183 4026 1269 4071; x_wconf 87' lang='lat' dir='ltr'><strong>nexu</strong></span> <span class='ocrx_word' id='word_1_341' title='bbox 1301 4027 1369 4072; x_wconf 93' lang='lat' dir='ltr'><strong>cum</strong></span> 
     </span>
     <span class='ocr_line' id='line_1_41' title="bbox 125 4091 1370 4178; baseline 0.006 -26"><span class='ocrx_word' id='word_1_342' title='bbox 125 4091 383 4173; x_wconf 89' lang='lat' dir='ltr'><strong>praecedentibus</strong></span> <span class='ocrx_word' id='word_1_343' title='bbox 407 4092 631 4172; x_wconf 88' lang='lat' dir='ltr'><strong>consideretur,</strong></span> <span class='ocrx_word' id='word_1_344' title='bbox 656 4096 738 4158; x_wconf 89' lang='lat' dir='ltr'><strong>claro</strong></span> <span class='ocrx_word' id='word_1_345' title='bbox 761 4101 855 4177; x_wconf 89' lang='lat' dir='ltr'><strong>patet,</strong></span> <span class='ocrx_word' id='word_1_346' title='bbox 878 4095 977 4154; x_wconf 75' lang='grc' dir='ltr'><strong>πίστιν</strong></span> <span class='ocrx_word' id='word_1_347' title='bbox 1000 4095 1148 4157; x_wconf 88' lang='lat' dir='ltr'><strong>denotare</strong></span> <span class='ocrx_word' id='word_1_348' title='bbox 1171 4113 1236 4157; x_wconf 93' lang='lat' dir='ltr'><strong>non</strong></span> <span class='ocrx_word' id='word_1_349' title='bbox 1258 4095 1370 4178; x_wconf 90' lang='lat' dir='ltr'><strong>religi-</strong></span> 
     </span>
    </p>
   </div>
   <div class='ocr_carea' id='block_1_8' title="bbox 125 4174 1373 4606">
    <p class='ocr_par' dir='ltr' id='par_1_10' title="bbox 125 4174 1373 4606">
     <span class='ocr_line' id='line_1_42' title="bbox 126 4174 1370 4263; baseline 0.005 -26"><span class='ocrx_word' id='word_1_350' title='bbox 126 4177 194 4238; x_wconf 87' lang='lat' dir='ltr'><strong>onis</strong></span> <span class='ocrx_word' id='word_1_351' title='bbox 218 4174 401 4241; x_wconf 86' lang='lat' dir='ltr'><strong>christianae</strong></span> <span class='ocrx_word' id='word_1_352' title='bbox 423 4178 658 4259; x_wconf 88' lang='lat' dir='ltr'><strong>professionem,</strong></span> <span class='ocrx_word' id='word_1_353' title='bbox 680 4181 736 4244; x_wconf 93' lang='lat' dir='ltr'><strong>sed</strong></span> <span class='ocrx_word' id='word_1_354' title='bbox 757 4181 988 4263; x_wconf 90' lang='lat' dir='ltr'><strong>persuasionem</strong></span> <span class='ocrx_word' id='word_1_355' title='bbox 1011 4182 1168 4258; x_wconf 89' lang='lat' dir='ltr'><strong>moralem,</strong></span> <span class='ocrx_word' id='word_1_356' title='bbox 1200 4182 1370 4245; x_wconf 88' lang='lat' dir='ltr'><strong>conscien-</strong></span> 
     </span>
     <span class='ocr_line' id='line_1_43' title="bbox 125 4261 1371 4349; baseline 0.005 -26"><span class='ocrx_word' id='word_1_357' title='bbox 125 4261 197 4323; x_wconf 90' lang='lat' dir='ltr'><strong>tiam</strong></span> <span class='ocrx_word' id='word_1_358' title='bbox 219 4262 293 4325; x_wconf 91' lang='lat' dir='ltr'><strong>licet</strong></span> <span class='ocrx_word' id='word_1_359' title='bbox 315 4282 493 4341; x_wconf 83' lang='lat' dir='ltr'><strong>erroneam3</strong></span> <span class='ocrx_word' id='word_1_360' title='bbox 517 4285 586 4329; x_wconf 91' lang='lat' dir='ltr'><strong>nam</strong></span> <span class='ocrx_word' id='word_1_361' title='bbox 604 4267 774 4349; x_wconf 91' lang='lat' dir='ltr'><strong>propositio</strong></span> <span class='ocrx_word' id='word_1_362' title='bbox 788 4266 866 4328; x_wconf 90' lang='lat' dir='ltr'><strong>baec</strong></span> <span class='ocrx_word' id='word_1_363' title='bbox 893 4285 961 4327; x_wconf 94' lang='lat' dir='ltr'><strong>cum</strong></span> <span class='ocrx_word' id='word_1_364' title='bbox 984 4267 1190 4347; x_wconf 89' lang='lat' dir='ltr'><strong>praecedente</strong></span> <span class='ocrx_word' id='word_1_365' title='bbox 1209 4266 1371 4348; x_wconf 90' lang='lat' dir='ltr'><strong>jungenda</strong></span> 
     </span>
     <span class='ocr_line' id='line_1_44' title="bbox 127 4349 1370 4433; baseline 0.005 -26"><span class='ocrx_word' id='word_1_366' title='bbox 127 4349 166 4408; x_wconf 88' lang='lat' dir='ltr'><strong>ad</strong></span> <span class='ocrx_word' id='word_1_367' title='bbox 199 4367 382 4430; x_wconf 83' lang='lat' dir='ltr'><strong>praegressa</strong></span> <span class='ocrx_word' id='word_1_368' title='bbox 417 4369 451 4413; x_wconf 91' lang='lat' dir='ltr'><strong>se</strong></span> <span class='ocrx_word' id='word_1_369' title='bbox 485 4352 597 4431; x_wconf 91' lang='lat' dir='ltr'><strong>habet,</strong></span> <span class='ocrx_word' id='word_1_370' title='bbox 631 4359 665 4414; x_wconf 87' lang='lat' dir='ltr'><strong>ut</strong></span> <span class='ocrx_word' id='word_1_371' title='bbox 692 4352 770 4415; x_wconf 91' lang='lat' dir='ltr'><strong>ratio</strong></span> <span class='ocrx_word' id='word_1_372' title='bbox 801 4352 839 4413; x_wconf 90' lang='lat' dir='ltr'><strong>ad</strong></span> <span class='ocrx_word' id='word_1_373' title='bbox 875 4369 1079 4433; x_wconf 87' lang='lat' dir='ltr'><strong>consequens.</strong></span> <span class='ocrx_word' id='word_1_374' title='bbox 1124 4352 1240 4415; x_wconf 90' lang='lat' dir='ltr'><strong>Ibidem</strong></span> <span class='ocrx_word' id='word_1_375' title='bbox 1264 4354 1295 4430; x_wconf 89' lang='lat'><strong>5,</strong></span> <span class='ocrx_word' id='word_1_376' title='bbox 1321 4352 1370 4416; x_wconf 89' lang='grc'><strong>12.</strong></span> 
     </span>
     <span class='ocr_line' id='line_1_45' title="bbox 127 4429 1373 4517; baseline 0.004 -22"><span class='ocrx_word' id='word_1_377' title='bbox 127 4433 261 4495; x_wconf 86' lang='lat' dir='ltr'><strong>ultimam</strong></span> <span class='ocrx_word' id='word_1_378' title='bbox 292 4438 492 4499; x_wconf 88' lang='lat' dir='ltr'><strong>sententiam:</strong></span> <span class='ocrx_word' id='word_1_379' title='bbox 523 4435 569 4515; x_wconf 81' lang='grc' dir='ltr'><strong>ἐφ’</strong></span> <span class='ocrx_word' id='word_1_380' title='bbox 600 4430 626 4514; x_wconf 75' lang='grc' dir='ltr'><em>ᾦ</em></span> <span class='ocrx_word' id='word_1_381' title='bbox 654 4430 762 4505; x_wconf 68' lang='grc' dir='ltr'><strong><em>πάντες</em></strong></span> <span class='ocrx_word' id='word_1_382' title='bbox 793 4429 944 4517; x_wconf 76' lang='grc' dir='ltr'><em>ἥμαρτον,</em></span> <span class='ocrx_word' id='word_1_383' title='bbox 974 4440 1092 4501; x_wconf 88' lang='lat' dir='ltr'><strong>etiamsi</strong></span> <span class='ocrx_word' id='word_1_384' title='bbox 1122 4438 1253 4502; x_wconf 88' lang='lat' dir='ltr'><strong>formula</strong></span> <span class='ocrx_word' id='word_1_385' title='bbox 1276 4429 1373 4515; x_wconf 72' lang='lat' dir='ltr'><strong>tp&#39;rl</strong></span> 
     </span>
     <span class='ocr_line' id='line_1_46' title="bbox 126 4517 1370 4606; baseline 0.005 -27"><span class='ocrx_word' id='word_1_386' title='bbox 126 4517 273 4580; x_wconf 89' lang='lat' dir='ltr'><strong>reddatur</strong></span> <span class='ocrx_word' id='word_1_387' title='bbox 295 4539 349 4601; x_wconf 87' lang='lat' dir='ltr'><strong>per</strong></span> <span class='ocrx_word' id='word_1_388' title='bbox 373 4531 545 4603; x_wconf 88' lang='lat' dir='ltr'><strong>propterea,</strong></span> <span class='ocrx_word' id='word_1_389' title='bbox 570 4523 653 4605; x_wconf 84' lang='lat' dir='ltr'><strong>quod</strong></span> <span class='ocrx_word' id='word_1_390' title='bbox 675 4540 719 4590; x_wconf 74' lang='lat' dir='ltr'><strong><em>z</em></strong></span> <span class='ocrx_word' id='word_1_391' title='bbox 741 4521 827 4602; x_wconf 77' lang='grc' dir='ltr'><strong>διότι,</strong></span> <span class='ocrx_word' id='word_1_392' title='bbox 839 4541 900 4587; x_wconf 91' lang='lat' dir='ltr'><strong>non</strong></span> <span class='ocrx_word' id='word_1_393' title='bbox 924 4521 963 4585; x_wconf 91' lang='lat' dir='ltr'><strong>de</strong></span> <span class='ocrx_word' id='word_1_394' title='bbox 985 4526 1122 4605; x_wconf 88' lang='lat' dir='ltr'><strong>peccatis</strong></span> <span class='ocrx_word' id='word_1_395' title='bbox 1144 4524 1370 4606; x_wconf 89' lang='lat' dir='ltr'><strong>personalibus,</strong></span> 
     </span>
    </p>
   </div>
   <div class='ocr_carea' id='block_1_9' title="bbox 0 0 1427 4896">
    <p class='ocr_par' dir='ltr' id='par_1_11' title="bbox 0 0 1427 4896">
     <span class='ocr_line' id='line_1_47' title="bbox 0 0 1427 4896; baseline 0 0"><span class='ocrx_word' id='word_1_396' title='bbox 0 0 1427 4896; x_wconf 95' lang='lat' dir='ltr'><strong> </strong></span> 
     </span>
    </p>
   </div>
  </div>
 </body>
</html>
