2834 4896
117 196 159 259 42

114 371 149 430 in
170 388 293 448 penore,
302 377 333 431 et
342 371 514 449 applicatio
525 371 770 433 hermenenticae
793 373 863 450 ejas
884 371 1064 450 repautrum
1086 373 1120 432 in
1142 372 1255 451 quoms
1279 388 1352 432 casu

116 457 269 534 speciali;
288 459 407 535 partim
427 458 593 531 certitudo,
616 457 750 519 ambitur
773 466 803 518 et
824 457 985 519 subtilitas
1006 460 1221 534 scientiarum,
1246 457 1356 536 quita

114 545 283 620 praeditos
305 544 348 603 ad
369 545 634 621 interpretationis
669 548 824 623 nepotinm
847 544 977 621 accedit,
1010 551 1040 604 et
1060 562 1219 623 nunquam
1241 562 1308 604 mom
1328 544 1357 602 in

116 629 260 708 periculo
282 639 440 702 cernatur,
463 648 501 689 ne
523 632 608 691 oliae
631 631 707 690 aliie
725 630 879 691 scbmdiis
900 629 1051 692 adhibitis
1073 631 1359 709 interpretationem

118 716 189 793 ejas
212 714 300 776 brevi
322 725 450 778 eoerutt.

690 927 718 995 s.
740 921 792 984 22.

170 1054 201 1104 Χ
220 1054 315 1105 Satielit
332 1053 523 1119 objectionibus
542 1070 573 1105 ac
591 1055 676 1106 dubiis
694 1066 784 1108 contra
800 1057 1037 1122 interpretationem
1056 1055 1211 1106 catholicam
1227 1055 1308 1105 motis

208 1197 327 1277 Object.
352 1197 379 1259 1.
402 1198 451 1260 Ab
466 1198 690 1298 interpretibus
714 1200 872 1263 catholicis
892 1199 1005 1279 duplex
1021 1200 1164 1262 statuitur
1186 1215 1358 1279 supremum

120 1283 367 1346 hermeneutrcae
376 1302 566 1364 principium,
575 1303 713 1348 mutuum
722 1305 883 1351 ιιιιιιιιιιιθ
893 1285 962 1347 coll
976 1292 1005 1359 §-
1017 1285 1049 1362 8,
1059 1291 1090 1346 et
1098 1284 1284 1347 catholicum
1293 1283 1357 1346 coll

121 1376 152 1445 §-
165 1369 211 1431 111.
221 1371 384 1468 Perperam
397 1369 564 1432 autemhoc
575 1371 650 1449 lieri,
665 1352 754 1434 facile
766 1374 967 1454 perspicitur3
986 1378 1037 1433 aut
1049 1371 1128 1432 enim
1138 1388 1303 1433 commune
1313 1370 1358 1431 in-

122 1455 310 1537 terpretandi
332 1457 511 1536 principium
527 1474 636 1518 revera
658 1464 706 1519 cst
727 1477 901 1539 supremum
920 1476 957 1519 ac
971 1457 1156 1533 universale,
1175 1464 1229 1518 aut
1247 1473 1319 1517 non.
1330 1453 1360 1515 ἃ

122 1561 249 1623 primurn
259 1541 359 1603 locum
369 1542 470 1620 habet
483 1543 666 1605 catholicum
676 1563 735 1624 qua
750 1545 938 1626 superfluum
951 1541 1242 1624 estrepudiandum3
1254 1540 1360 1621 quodsi

124 1627 251 1689 alterum
274 1627 449 1690 defenditur
470 1637 521 1691 aut
543 1629 650 1695 saltem
673 1632 765 1692 tacite
796 1630 971 1706 admittitur,
995 1647 1155 1691 commune
1178 1646 1240 1708 qua
1262 1625 1360 1690 insui·

123 1713 231 1777 ficiens
254 1720 286 1775 et
307 1716 494 1778 necessariis
518 1715 639 1778 dotibus
663 1716 841 1779 destitutum
864 1723 912 1779 est
933 1714 1143 1796 rejiciendum.

207 1801 300 1880 lteep.
325 1800 518 1863 Catholicum
539 1803 765 1882 interpretandi
786 1805 978 1883 principiam
995 1821 1016 1863 a
1037 1801 1194 1863 communi
1215 1807 1358 1878 respecta

119 1886 241 1966 formae
277 1887 400 1966 quidem
433 1886 544 1968 differt,
580 1891 685 1969 quood
713 1891 876 1951 materiam
908 1907 983 1951 cero
1015 1906 1077 1948 non
1108 1896 1166 1964 est,
1200 1887 1267 1947 miri
1292 1885 1357 1963 ejas

121 1972 304 2053 applicatio,
327 1992 406 2053 ortae
430 1994 471 2035 ec
491 1994 535 2036 ιι.
560 1974 710 2036 librorum
731 1975 836 2037 indole
859 1993 1025 2054 comnenae
1048 1973 1202 2035 relatione
1225 1972 1271 2033 ad
1292 1980 1360 2034 tra-

122 2060 270 2120 ditionem
293 2061 501 2138 apostolicam
522 2079 580 2121 eea
602 2061 754 2122 ecclesiae
778 2061 953 2122 catholicae
976 2061 1153 2120 doctrinam
1173 2066 1286 2137 sponte
1310 2075 1362 2118 re·

121 2146 227 2206 euitat.
250 2144 369 2207 Etenim
391 2145 490 2225 ipsum
513 2163 672 2206 commune
693 2145 941 2208 hermeneuticae
963 2145 1143 2227 principium
1164 2144 1362 2224 interpretem

121 2230 271 2293 rationem
294 2231 408 2293 habere
426 2232 516 2312 jubet
539 2231 723 2294 conditionis
746 2232 899 2313 loquentis
922 2233 1070 2309 internae,
1094 2229 1132 2292 ad
1155 2248 1248 2308 quam
1270 2246 1363 2310 prae-

123 2317 212 2398 cipue
234 2317 366 2397 pertinet
390 2317 507 2379 cultura
530 2318 598 2398 eJus
623 2318 836 2381 intellectualis
860 2337 896 2380 ae
915 2317 1049 2395 moralia,
1072 2324 1105 2379 et
1126 2315 1224 2378 relate
1249 2315 1289 2377 ad
1313 2333 1364 2377 sa-

118 2421 196 2465 cros
219 2408 363 2465 auctores
395 2403 430 2465 N.
454 2404 486 2467 F.
510 2404 630 2486 integra
651 2405 728 2467 Jesu
751 2405 862 2468 Christi
884 2404 1034 2467 doctrina.
1080 2401 1154 2464 Cum
1177 2419 1255 2463 vero
1278 2401 1365 2476 haec,

123 2489 167 2552 uti
190 2496 241 2563 ss.
269 2487 320 2551 15.
344 2489 393 2552 16.
418 2489 617 2567 ostendimus,
640 2509 702 2553 non
724 2492 756 2552 in
777 2510 819 2555 ss.
842 2491 949 2567 literis,
968 2489 1072 2553 sedin
1095 2488 1235 2550 doctrina
1258 2487 1365 2549 eccle·

123 2576 188 2638 siae
213 2575 291 2637 cath.
316 2575 398 2637 clare
423 2576 633 2637 contineatur:
658 2579 809 2639 communi
826 2577 1075 2639 hermeneuticae
1094 2574 1245 2654 principio
1268 2573 1363 2635 satis·

123 2660 191 2722 fieri
213 2661 328 2740 nequit,
353 2662 425 2743 quin
448 2680 559 2723 sensus
583 2662 736 2725 ecclesiae
749 2664 918 2727 catholicae
935 2663 1037 2725 debita
1059 2660 1208 2723 habeatur
1231 2661 1312 2721 ratio
1320 2660 1365 2733 1)

124 2747 201 2820 Quia
223 2753 325 2808 autem
358 2748 495 2809 doctrina
528 2748 682 2810 ecclesiae
713 2749 925 2812 catholicae
916 2768 948 2811 1n
980 2748 1072 2810 rebus
1096 2746 1167 2808 fidei
1190 2752 1363 2807 cimorum

123 2832 356 2895 christianorum
392 2841 453 2895 tum
476 2835 507 2894 in
530 2851 617 2896 usum
639 2834 785 2914 loquendi
816 2836 945 2916 eJusque
979 2835 1081 2896 lentes
1104 2831 1367 2905 determinandas,

122 2926 185 2981 tum
207 2919 238 2980 in
261 2925 448 2998 contextum,
482 2927 543 2982 tum
575 2921 608 2981 in
638 2921 841 2983 omnimodam
863 2922 1018 3001 loquentis
1053 2919 1261 2982 conditionem
1284 2915 1366 2979 deli-

123 3004 265 3068 niendam
286 3005 400 3068 influit:
424 3007 503 3069 illius
521 3013 705 3069 momentum
728 3015 820 3088 atque
842 3006 988 3069 inflexum
1010 3014 1073 3068 turn
1096 3005 1228 3081 demum,
1253 3004 1306 3066 ubi
1330 3002 1367 3064 de

123 3092 240 3154 cultura
264 3091 417 3172 loquentis
441 3093 551 3174 agitur,
584 3093 750 3155 ostendere
784 3094 1004 3156 inconveniens
1028 3091 1150 3169 loret,
1142 3109 1203 3152 ιιιιο
1226 3106 1366 3170 praepo-

123 3185 206 3241 stere
237 3177 333 3256 fieret,
364 3178 497 3259 ideoque
531 3179 699 3241 communis
733 3179 952 3260 interpretandi
975 3178 1114 3259 principii
1137 3176 1175 3238 ad
1199 3193 1241 3238 ss.
1264 3175 1367 3237 libro-

122 3282 189 3326 rum
211 3264 346 3327 indolem
377 3264 549 3364 applicatio,
581 3265 702 3345 qualem
734 3267 903 3346 propositio
934 3271 1038 3327 nostra
1061 3264 1118 3326 sub
1142 3262 1289 3336 linem§.
1316 3260 1367 3322 19.

124 3351 270 3427 continet,
294 3352 424 3413 statim'
415 3370 448 3413 ru
470 3351 571 3413 limine
593 3351 840 3413 hermeneuticae
864 3350 1032 3413 catholicae
1055 3347 1229 3411 exhibenda
1252 3353 1313 3409 est.

211 3398 278 3516 Obj’.
302 3438 331 3499 2.
355 3437 567 3519 Interpretatio
611 3437 689 3498 cath.
730 3438 834 3499 nititur
866 3439 1079 3536 persuasione,
1111 3436 1264 3515 integram
1287 3432 1368 3495 lesu

125 3519 236 3584 Christi
255 3456 427 3585 doctrinam
450 3542 512 3585 non
534 3524 612 3586 ins.
636 3523 801 3604 Scriptura,
814 3523 894 3585 sed
886 3542 917 3584 rn
939 3522 1101 3584 traditione
1124 3538 1182 3582 seu
1204 3520 1235 3580 in
1259 3518 1369 3580 eccle-

124 3607 169 3671 sia
193 3607 275 3670 clare
299 3627 371 3671 esse
394 3618 564 3685 servatam3
597 3609 708 3688 quodsi
742 3628 817 3671 vero
847 3609 956 3690 religio
980 3608 1143 3671 christiana
1167 3623 1185 3666 e
1209 3604 1278 3667 sola
1302 3611 1370 3666 tra-

125 3693 240 3758 ditione
263 3713 321 3757 seu
343 3696 497 3759 ecclesiae
520 3696 658 3758 doctrina
682 3703 743 3758 turn
767 3695 920 3770 universa,
944 3700 1006 3754 tum
1029 3700 1077 3756 sat
1108 3692 1274 3772 perspicue
1309 3709 1369 3752 co·

124 3781 295 3864 gnoscitur,
318 3799 406 3843 sacra
430 3781 585 3861 Scriptura
597 3783 728 3862 ejusque
739 3781 947 3860 interpretatio
970 3786 1019 3841 est
1040 3776 1215 3858 superflua3
1239 3777 1266 3839 si
1289 3793 1367 3838 vero

124 3886 165 3930 ss
187 3868 295 3929 literae
319 3867 492 3947 superfluae
516 3868 718 3941 declarantur,
743 3867 918 3927 auctoritati
948 3884 1052 3926 earum
1076 3864 1255 3944 derogatur,
1279 3880 1372 3942 quam

124 3955 256 4017 tamen
248 3954 306 4035 rpsi
330 3955 445 4034 antiqui
467 3955 620 4017 ecclesiae
642 3955 748 4015 Patres
772 3953 862 4014 tantis
886 3951 1035 4012 extollunt
1056 3949 1208 4013 laudibus.

210 4042 303 4121 lieep
325 4039 387 4101 Per
407 4042 606 4103 traditionem
627 4059 685 4101 ιιι
707 4040 859 4102 ecclesiae
887 4039 1113 4100 doctrinamr.
1136 4034 1307 4113 Scriptura
1330 4040 1369 4110 o)

126 4146 190 4191 non
224 4128 408 4191 declarator
435 4125 615 4206 supertiam
645 4127 754 4204 potina
788 4129 826 4198 α)
856 4132 887 4184 et
916 4123 1009 4185 nobis
1036 4131 1086 4184 est
1106 4139 1220 4183 norma
1243 4121 1372 4199 etfama

123 4213 199 4293 fidei
218 4233 259 4276 ac
282 4232 413 4289 morum,
445 4221 581 4275 montem
611 4229 675 4272 non
703 4211 907 4289 oripinorioe,
935 4210 998 4270 non
1026 4210 1151 4284 unicus,
1173 4224 1273 4286 neque
1296 4207 1373 4269 ulri-

126 4318 184 4380 que
208 4301 350 4365 locorum
371 4301 451 4362 adeo
474 4298 594 4373 ιίιιιι,
615 4296 698 4359 ande
720 4297 873 4374 interram
899 4295 992 4372 tidem
1012 4314 1053 4358 ac
1075 4312 1196 4356 moram
1218 4293 1373 4373 discipli·

152 4538 183 4604 ⁴')
202 4538 256 4593 cn.
276 4537 483 4591 dissertationem
501 4538 529 4599 ς.
547 4534 573 4590 8,
592 4534 702 4587 citatam.
