2834 4896
218 378 279 449 uo)
299 371 481 453 plerunque
501 391 559 452 per
581 375 862 453 compositionem

218 458 275 534 bb)
295 460 466 538 praecipue
493 458 670 540 frequentia
700 469 775 525 mut
801 460 1002 524 substantioe
1022 462 1057 525 in
1078 482 1123 540 pu
1143 467 1318 539 terminata·

294 552 368 607 orto
388 555 463 608 tunt

217 635 272 707 cc)
297 633 470 708 coucposita
491 650 561 693 cum
580 631 815 711 praepositione
837 648 902 707 aur,

219 716 279 790 dd)
301 715 461 792 adjectivo
483 720 516 778 in
537 737 608 794 erac,

227 805 279 876 ee)
303 800 400 861 cerba
423 803 456 861 in
479 824 520 860 cu
544 811 574 864 et
596 798 661 878 ιζω,
684 802 817 881 denique

237 885 280 966 ti)
302 885 455 949 adcerbio
475 889 624 949 recentia.

175 990 205 1052 2.
230 989 489 1052 Grammaticales
511 1000 585 1052 eunt
603 992 783 1069 pauciores,
807 990 983 1071 etquidem

176 1081 219 1152 a)
237 1078 271 1138 iu
290 1076 465 1155 fututorum
487 1077 651 1138 doctriua:
669 1077 902 1155 recipiebantur
923 1079 1082 1140 uouinmn
1102 1098 1144 1142 ae
1167 1081 1330 1144 uerborum

87 1159 247 1240 Mones,
270 1180 350 1242 quae
374 1170 431 1222 out

178 1252 215 1324 a)
236 1251 328 1328 prius
350 1267 414 1308 non
447 1256 540 1310 erunt
559 1248 593 1308 in
613 1266 686 1323 utu,
709 1256 740 1308 et
759 1250 863 1308 serius
894 1247 1015 1313 demum
1035 1251 1090 1311 cel
1116 1250 1331 1316 decurtatione

86 1333 137 1395 vel
154 1335 395 1413 prolonpatione
415 1332 590 1411 formarum
609 1335 841 1412 primitivarum
863 1342 950 1395 ortae
974 1343 1048 1395 sunt
1057 1355 1072 1408 ;
1095 1345 1151 1399 out
1172 1342 1255 1416 quite

173 1419 212 1496 β)
237 1421 280 1482 ud
299 1420 539 1498 peculiaritatis
570 1420 767 1498 sinpulurum
801 1419 1006 1482 dialectorum
1033 1422 1261 1500 pertinebant;
1282 1425 1331 1486 in-

89 1504 195 1586 primis
218 1504 278 1565 huc
300 1506 454 1584 pertinent

172 1595 206 1668 γ)
229 1591 395 1652 multorum
417 1589 584 1652 cerberum
600 1600 740 1670 tempora
762 1590 926 1669 anuloqice
943 1591 1065 1670 quidem
1084 1590 1237 1672 formata,
1250 1613 1329 1676 quo-

85 1694 156 1737 rum
177 1684 281 1739 tamen
304 1677 373 1738 loco
397 1677 504 1756 linqua
527 1679 688 1758 antiquior
709 1677 784 1739 aliis
805 1684 876 1739 erat
896 1694 966 1750 usa,
1000 1682 1033 1739 et
1054 1677 1113 1741 hae
1135 1679 1225 1759 ipsae
1248 1687 1329 1745 tem-

86 1779 253 1841 pammac
283 1761 441 1823 modorum
473 1761 590 1827 formae
621 1780 749 1824 numero
780 1767 907 1840 auctae,
939 1779 1067 1841 quarum
1101 1765 1185 1843 prius
1210 1767 1329 1828 ratione

85 1846 186 1908 habita
219 1847 388 1928 euphoniae
419 1850 540 1911 nonnisi
573 1847 712 1930 singulae
746 1854 831 1910 erant
860 1847 891 1908 in
913 1865 988 1925 usu,
1022 1854 1070 1911 est
1100 1856 1174 1912 nota
1197 1852 1329 1913 serioris

84 1933 208 2015 linguae
232 1934 498 2010 characteristica3
522 1934 655 2013 denique

172 2022 208 2095 i)
231 2022 358 2080 nomina
378 2020 532 2099 quaedam
554 2039 668 2082 nouum
689 2038 788 2099 penus
810 2028 1036 2096 assumserunt,
1055 2025 1087 2080 et
1109 2021 1181 2083 ideo
1206 2023 1326 2103 duplici

86 2106 287 2167 declinationi
311 2104 454 2182 subjecta
476 2114 557 2166 sunt.

171 2190 209 2265 b)
232 2190 268 2250 lu
301 2193 429 2270 sputaui
458 2200 533 2253 sunt
558 2209 698 2271 paucae,
732 2209 811 2271 quae
844 2192 977 2255 mauime
1010 2193 1190 2257 consistunt
1210 2195 1245 2257 in
1265 2214 1324 2256 unu

85 2274 303 2354 neptiqentiori
324 2274 485 2337 modorum
508 2295 577 2337 cum
596 2276 766 2357 particulis
788 2285 1048 2340 constructorum.

172 2378 346 2441 Dialectum
367 2381 527 2460 culparem
549 2400 612 2443 non
638 2380 731 2463 plene
754 2380 877 2461 quidem
906 2379 1055 2443 babemus
1077 2384 1258 2460 coquitam;
1287 2403 1326 2447 ea

85 2469 318 2545 comparatione
331 2475 432 2528 tamen
446 2467 604 2529 idiomatis
620 2466 836 2542 bellenistici(
835 2466 957 2545 linquae
969 2485 1102 2545 prcecoe
1111 2466 1248 2531 Judoeic
1259 2472 1325 2533 usi-

86 2556 197 2627 tatae),
210 2560 363 2631 quatenus
385 2572 447 2613 non
470 2552 722 2630 bebraiaatcum
745 2553 850 2632 linqui
864 2553 1054 2615 Graecorum
1076 2556 1237 2635 sequioris
1260 2558 1328 2619 aeni

84 2638 117 2698 in
141 2635 230 2699 libris
253 2636 392 2699 adhibiti
416 2638 586 2718 dijudicari
604 2637 820 2718 patricidium
836 2637 876 2701 ab
898 2639 1032 2718 antiqua
1054 2639 1213 2721 clepuntia
1231 2645 1328 2723 mapis

85 2721 186 2784 adbuc
220 2723 427 2802 dieerpentem
458 2744 558 2787 nouas
588 2745 626 2788 ao
653 2725 869 2804 provinciales
891 2743 986 2786 uoces
1009 2744 1047 2789 oc
1066 2724 1192 2803 formas
1214 2729 1329 2809 majori

84 2827 212 2869 numero
235 2812 433 2889 suscepisse;
455 2810 639 2872 discrimina
661 2809 829 2872 subtiliora
852 2813 886 2872 in
905 2808 1092 2889 [leccionibus
1115 2830 1153 2875 oc
1177 2824 1327 2876 constru-

85 2893 242 2955 ctionibus
263 2897 363 2974 maqis
376 2896 479 2958 adbuc
502 2898 678 2976 nepleuisse
686 2918 700 2971 ;
712 2897 997 2959 constructionibus
1019 2900 1247 2979 pneumaticis,
1260 2901 1326 2961 ori-

84 2981 168 3059 qinia
197 2988 229 3042 et
249 2983 384 3042 rationis
421 3001 528 3043 comem
562 2981 707 3059 oblitam,
741 2985 841 3062 moqis
876 2982 979 3043 adbuc
1013 3001 1082 3045 esse
1116 2982 1268 3065 abusam,
1301 2994 1329 3049 ei

84 3069 254 3144 peneratim
277 3069 378 3146 maqis
401 3068 513 3143 adbuc,
537 3086 629 3148 quum
653 3070 790 3148 linquam
813 3070 1009 3131 eruditorum
1031 3069 1250 3149 depenerasse.

169 3169 237 3234 Hae
252 3171 491 3250 peculiaritatis
507 3173 540 3232 in
556 3174 630 3251 ipso
647 3172 755 3250 linqua
771 3180 1011 3250 praecocuntur
1032 3172 1327 3239 dicunturdleuan-

85 3253 240 3332 driuiuni,
263 3275 327 3320 non
349 3265 412 3320 tam
442 3257 523 3334 ideo,
547 3258 631 3336 quod
663 3258 703 3321 ab
725 3257 902 3329 Alexandri
924 3257 1046 3319 demum
1069 3267 1206 3337 tempore
1229 3262 1327 3340 eripi·

85 3359 155 3400 nem
177 3341 303 3418 ducunt,
326 3361 418 3422 quam
437 3345 545 3422 potius
569 3361 615 3419 eo,
638 3354 672 3405 ut
694 3344 753 3404 bac
784 3343 1021 3422 compellatione
1043 3363 1100 3407 eeu
1122 3346 1252 3424 impuro
1274 3365 1326 3413 sou

84 3425 224 3489 barbara
244 3438 397 3491 notentur.
421 3461 463 3475 -ω
485 3428 648 3492 Dialectus
670 3429 748 3492 baec
771 3432 894 3509 impuro
916 3429 1041 3505 dicitur,
1068 3432 1143 3509 quia
1164 3450 1232 3495 non
1256 3441 1326 3494 tan-

83 3520 148 3579 tum
158 3510 445 3577 Aleucndrinismis
460 3515 610 3593 abundat,
623 3517 681 3577 sed
697 3518 789 3579 etiom
805 3534 864 3594 pro
888 3514 1069 3579 diuersitate
1091 3519 1327 3594 promnciorum

81 3599 344 3676 provincialismi
363 3610 393 3662 et
408 3604 441 3663 in
459 3601 597 3680 linquam
614 3601 725 3663 saltem
739 3602 899 3680 culparem
913 3599 1079 3663 Latiniensi
1091 3603 1232 3680 inpressi
1248 3611 1327 3676 tunt,

83 3682 123 3745 ob
135 3701 171 3743 eo
184 3701 292 3760 nempe
303 3693 447 3764 tempore,
459 3705 520 3766 quo
533 3687 647 3749 Graeci
662 3695 753 3768 utque
772 3687 855 3749 oliae
867 3688 960 3749 etium
975 3695 1092 3765 pentes,
1103 3692 1223 3765 praece
1241 3708 1327 3762 usae,

83 3768 117 3831 in
134 3776 322 3848 potestatem
344 3770 556 3834 immonorum
577 3773 725 3837 redactae
750 3772 901 3835 romanoe
933 3775 1138 3851 amisarius
1160 3783 1192 3837 et
1213 3777 1327 3839 militet

83 3855 146 3916 sibi
164 3857 368 3935 praepositos
389 3856 572 3919 babuerunt.
840 3880 843 3885 ·

94 4006 97 4011 .
169 3955 370 4021 Cumdudaei
393 3958 517 4036 linquae
539 3978 673 4037 praeciae
696 3962 902 4039 coquiticncm
923 3977 1021 4038 neque
1036 3963 1071 4023 in
1093 3960 1214 4023 sobolis
1227 3963 1330 4026 arue-

84 4059 201 4120 eorum,
223 4061 321 4122 neque
344 4061 384 4104 en
406 4043 495 4104 libris
518 4045 720 4121 eruditorum,
743 4046 801 4106 aed
822 4064 838 4105 e
861 4047 1016 4106 communi
1037 4048 1113 4123 vitri,
1133 4066 1150 4107 e
1170 4046 1332 4128 frequenti

84 4146 152 4189 cum
169 4129 345 4191 bominibus
361 4131 486 4208 praecis
503 4131 727 4193 conemmdine
746 4131 974 4193 bumnintein
991 4134 1102 4210 aprico
1119 4142 1177 4208 est,
1192 4134 1332 4214 lirtpuom

82 4231 227 4290 praecem
260 4216 420 4294 culparem
450 4218 594 4294 superius
626 4217 812 4278 delineatam
840 4216 1076 4295 fundumentum
1103 4237 1173 4279 esse
1196 4229 1234 4280 ut
1255 4222 1333 4305 styli

82 4302 238 4447 lversqlmtoeps
273 4301 477 4380 Septuaqinta
498 4310 529 4363 et
551 4300 702 4362 librorum
724 4301 1078 4364 deuterocanonicorum
1103 4302 1136 4365 V.
1159 4304 1205 4382 F„
1230 4308 1279 4368 ita
1303 4315 1334 4368 et

111 4429 119 4444 .
167 4387 366 4448 .'i0matia.

171 4487 294 4550 Revera
316 4497 418 4550 autem
439 4488 558 4550 idioma
579 4484 615 4546 N.
640 4487 672 4546 t.
698 4489 744 4550 ito
766 4499 979 4572 cameratum
1001 4512 1082 4570 cose,
1106 4492 1281 4557 attendunt
