2834 4896
86 185 130 251 26

86 364 188 423 tamen
210 377 238 422 s.
262 360 417 442 Scriptura
441 367 554 423 tontum
580 362 716 424 continet
739 360 896 437 claritatis,
927 369 960 424 ut
992 366 1080 424 recte
1112 360 1252 442 dispositi
1275 363 1326 424 le-

87 451 191 507 ctores
216 446 404 509 sufficienter
425 447 630 524 illustrentur3
654 454 856 510 tantumvero
880 449 1093 530 complectitur
1116 449 1326 527 obscuritatis,

86 538 120 593 ut
142 531 282 595 malevoli
306 534 403 596 oculis
426 535 591 615 capiantur.

655 747 683 816 s.
707 738 758 803 17.
839 758 842 763 ·

85 871 116 925 v,
149 870 213 925 lesu
240 871 333 925 Christi
357 882 383 927 et
406 873 591 942 Apostolorum
615 846 732 929 doctrina
758 878 811 929 inte
858 892 954 944 ,pura
981 884 1008 931 et
1030 875 1101 929 clara
1127 876 1274 931 continetur
1299 877 1328 929 in

464 974 467 979 ·
508 943 621 1001 ecclesia
638 944 814 997 Romano-cat
833 945 907 997 ulica.

174 1078 439 1155 Quemadmodum
462 1080 609 1147 certum
629 1083 780 1148 Salvator
809 1087 907 1148 totius
927 1085 1054 1165 pencris
1083 1084 1213 1147 bumont·
1243 1104 1328 1163 esse,

85 1176 117 1232 et
133 1169 268 1251 proinde
299 1171 474 1234 institutum
503 1188 594 1230 suum
620 1170 655 1232 in
684 1172 818 1234 salutem
848 1172 946 1235 totius
973 1170 1082 1232 mundi
1112 1170 1327 1234 introductum

79 1256 254 1336 perdurare
276 1255 490 1327 desideravit;
511 1256 558 1318 ita
580 1262 612 1318 et
626 1256 738 1335 coluit,
761 1258 863 1320 lumen
881 1275 941 1338 per
961 1276 996 1319 se
1012 1256 1046 1318 in
1068 1254 1223 1320 mentibus
1249 1259 1326 1320 ani-

83 1344 204 1425 misque
235 1342 393 1405 lominum
424 1360 591 1405 accensum
625 1361 688 1405 non
717 1344 821 1406 simile
852 1344 925 1423 fleri
958 1342 1106 1405 lucernae
1137 1343 1327 1406 submodio

83 1428 299 1508 absconditae,
328 1429 387 1491 sed
406 1424 599 1491 candelabro
621 1430 798 1510 impositae,
829 1438 864 1491 ut
885 1430 992 1491 luceat
1016 1427 1170 1506 omnibus,
1202 1432 1258 1511 qui
1291 1431 1326 1491 in

83 1517 175 1576 domo
208 1522 284 1575 sunt
305 1514 372 1589 (Mt.
405 1514 435 1592 5,
475 1513 561 1590 15.);
601 1514 675 1577 ideo
707 1516 872 1599 praecepit
904 1514 1109 1594 Erumpelium
1141 1516 1328 1597 praedicuri

84 1602 170 1671 omni
190 1608 476 1683 creaturaeuspue
508 1601 553 1663 ad
571 1598 686 1664 muudi
700 1602 918 1682 buiusfinem,
939 1609 993 1674 ut,
1026 1602 1090 1683 qui'
1103 1602 1278 1669 crediderit
1297 1608 1328 1664 et

83 1687 270 1768 baptizatus
288 1686 403 1767 fuerit,
435 1686 548 1753 salvus
576 1688 668 1766 fieret
686 1686 766 1766 (llr.¹
780 1684 831 1769 lb,
860 1687 911 1749 15.
937 1686 1012 1760 tu).
1041 1686 1113 1748 dam
1136 1694 1217 1767 'vero
1247 1686 1328 1749 teat

84 1770 205 1834 Obristi
221 1788 224 1793 ·
239 1772 385 1835 doctriua
421 1772 606 1859 saiutifera,
650 1780 818 1859 sanquine
841 1774 944 1857 ipsius
970 1775 1114 1853 pretioso
1148 1770 1327 1857 obsipn'atn,

82 1858 212 1920 nonnisi
233 1874 298 1923 una
331 1852 410 1921 essd’
428 1867 534 1941 potest
543 1879 557 1935 ;
586 1856 712 1942 ,nepae
739 1856 837 1938 enim,
860 1866 894 1921 ut
919 1877 944 1922 s.
969 1858 1137 1941 Gregorius
1164 1858 1239 1931 Nan,
1272 1860 1326 1943 ait,¹

81 1962 187 2006 rerum
208 1952 325 2007 natura
353 1946 419 2026 sert
444 1946 526 2009 duas
555 1947 592 2010 de
613 1938 724 2008 eddim
744 1940 784 2011 ¹re
815 1946 998 2008 conacciae
1027 1944 1201 2008 sententias
1219 1940 1328 2016 'ieras'

82 2028 195 2104 esse“;
217 2039 248 2092 et
268 2050 294 2093 s.
317 2031 437 2094 Paulus
456 2032 609 2113 postulat,
630 2042 666 2095 ut
683 2034 728 2095 sit
750 2051 865 2111 ,unum
887 2048 1006 2113 corpus
1027 2042 1058 2095 et
1078 2032 1325 2113 unns‘spiritus}

82 2119 165 2178 sicut
185 2119 291 2179 oocoti
312 2137 422 2181 sumas
449 2120 483 2180 in
508 2136 573 2181 una
595 2136 650 2199 spe
672 2119 853 2181 vocationis
874 2127 1025 2192 nostroe,·
1056 2137 1140 2180 nnus
1161 2117 1325 2195 Dominus,

81 2221 147 2264 nnc
168 2204 258 2281 fides,
281 2222 378 2266 unum
401 2203 567 2284 baptismo,
599 2222 682 2266 unus
703 2204 789 2267 Deus
822 2212 855 2266 et
874 2204 971 2266 Pater
991 2206 1146 2266 omnium“
1179 2203 1270 2284 (Epir.
1288 2202 1325 2280 4,

81 2288 131 2349 4-
144 2287 201 2366 6.),
223 2298 254 2350 et
262 2297 435 2369 propterea
446 2291 614 2352 onatlemc
622 2292 809 2370 pronuntiat
822 2293 856 2351 in
869 2309 1090 2372 quemcunque,
1114 2291 1169 2372 qui
1190 2298 1325 2352 conma-

82 2381 162 2436 rtcm
184 2374 296 2436 doceat
317 2378 368 2453 iis,
393 2395 472 2457 quoe
502 2379 570 2456 ipse
592 2377 834 2457 praedicaverat
855 2375 936 2451 (Gal.
964 2376 992 2454 l,
1012 2376 1042 2438 8.
1065 2376 1121 2451 9.).
1158 2375 1197 2439 Ut
1218 2377 1326 2455 itaque

82 2461 228 2523 doctrina
250 2462 427 2525 cbristiana
443 2463 541 2542 juata
571 2468 702 2524 meatem
731 2463 833 2526 divini
866 2465 936 2542 ejus
958 2465 1101 2525 auctoris
1130 2469 1161 2525 et
1180 2462 1327 2542 mapistri

79 2549 173 2626 finem
194 2565 295 2625 auum,
325 2550 459 2611 salntem
486 2549 680 2624 animarum,
712 2555 913 2628 assequatur,
945 2557 1038 2628 utque
1067 2548 1192 2628 frotetus
1226 2548 1326 2611 tantis

83 2632 255 2712 laboribus,
279 2642 364 2697 tanto
384 2635 490 2715 pretio
511 2633 624 2715 dipnos
643 2633 739 2714 ferat,
760 2653 820 2715 per
841 2634 1043 2696 saeculorum
1073 2635 1240 2696 decursum
1270 2635 1325 2695 in-

83 2728 172 2799 trprn
195 2727 225 2780 et
244 2739 328 2801 pura
350 2727 563 2796 conservetur,
586 2720 673 2781 clare
701 2729 731 2783 et
753 2721 838 2784 omni
866 2738 936 2782 eum
958 2722 1144 2783 certitudine
1178 2737 1325 2800 capona-

83 2815 134 2868 tur
155 2825 194 2867 oc
217 2816 442 2887 coquoscatur,
465 2824 594 2867 necesse
617 2814 675 2882 est,
707 2816 762 2884 ,ut
776 2808 846 2885 jam
876 2825 940 2867 non
970 2809 1070 2868 simus
1099 2806 1229 2887 parvuli
1260 2804 1325 2884 tlu-

82 2901 267 2955 cruentaret
287 2892 548 2970 circumferamur
559 2894 643 2954 omni
653 2901 745 2955 vento
762 2894 924 2956 doctrinae
938 2893 972 2954 in
993 2895 1134 2973 aequitio
1155 2894 1325 2968 bominum,

81 2978 115 3039 in
137 2980 259 3041 astutio
291 2980 334 3042 ad
365 2979 660 3040 circumventionem
690 2981 830 3041 erroris“
863 2975 953 3059 (Eph.
974 2977 1006 3056 4,
1031 2978 1109 3054 ld).
1137 2977 1213 3040 lude
1247 2997 1325 3039 vero

81 3066 177 3143 tacite
199 3066 398 3147 intellipitur,
420 3062 460 3125 ob
483 3065 554 3143 ipso
576 3063 720 3141 Domino,
743 3083 782 3126 ne
805 3082 885 3145 opus
917 3082 1009 3127 suum
1031 3064 1244 3146 imperfectum
1267 3083 1325 3124 re-

84 3152 246 3233 linqueret,
270 3153 434 3233 desiccari
446 3149 592 3212 debuisse
612 3159 717 3213 certos
736 3168 905 3231 personas,
925 3168 985 3230 per
1007 3169 1088 3232 quos
1109 3169 1237 3212 acerum
1254 3151 1325 3228 ejus

81 3239 257 3318 depositum
278 3239 313 3299 in
336 3236 479 3312 ecclesia,
502 3235 648 3298 doctrina
674 3239 779 3318 ipsius
810 3254 876 3298 una
905 3244 936 3298 et
954 3255 1038 3317 para
1069 3244 1323 3312 conservaretur,

81 3334 112 3387 et
133 3324 296 3404 infallibili
317 3324 505 3385 auctoritate
529 3332 746 3401 exponeretur,
778 3331 808 3386 et
838 3323 1034 3401 suspeditcri
1055 3324 1219 3384 criterium
1249 3340 1324 3382 ccr-

82 3422 155 3488 tum,
179 3429 239 3489 quo
262 3427 372 3471 cerac
391 3407 488 3486 falsis
510 3408 774 3472 discernerentur.
805 3405 897 3482 Quod
912 3409 984 3486 jum
1006 3410 1056 3469 rei
1075 3417 1193 3469 natura
1214 3415 1325 3468 tonto-

78 3516 154 3578 perc
175 3495 306 3575 tlapitat,
328 3495 363 3556 id
382 3494 585 3574 [detumesce
607 3513 648 3558 ea
661 3496 741 3577 ipsis
763 3514 806 3558 ss.
830 3494 933 3555 literis
946 3495 1115 3575 perspicue
1138 3493 1325 3566 edocemur;

82 3583 227 3649 Cltt'istus
251 3582 333 3643 enim

166 3676 200 3747 a)
224 3666 398 3750 Apostolos
431 3684 508 3728 suos
533 3668 679 3746 proaime
711 3667 849 3729 instituit
879 3682 949 3739 eos,
986 3665 1041 3746 qui
1069 3682 1150 3744 opus
1181 3672 1326 3742 coeptum

81 3760 313 3824 continuarent,
336 3752 450 3831 quibus
472 3754 557 3815 sicut
578 3755 785 3816 ministerium
807 3749 1115 3826 (administrationem
1137 3748 1326 3813 Sacramen-

81 3850 196 3920 torum)
220 3851 251 3904 et
272 3840 412 3919 repimen
432 3839 581 3916 fidelium,
604 3841 652 3902 ito
674 3848 705 3901 et
725 3837 941 3918 movistcrium
963 3836 1173 3912 demandavit,
1197 3840 1228 3895 et
1251 3836 1325 3915 qui-

80 3933 139 3995 bus
157 3948 218 3991 non
241 3925 384 3990 salumin
407 3942 523 4006 genere
536 3926 628 3987 dixit:
654 3922 963 4004 ,Amendicovobia
988 3938 1189 4004 quaecunque
1213 3920 1325 4003 alliga-

81 4016 187 4081 veritis
210 4018 448 4095 superterram,
472 4019 561 4075 erunt
582 4010 676 4095 ligata
700 4017 732 4073 et
751 4009 784 4072 in
806 4008 906 4088 coelo,
937 4016 970 4072 et
992 4025 1193 4090 quaecunque
1216 4006 1326 4069 solve-

84 4176 444 4206 m·

171 4256 218 4308 aul
237 4258 296 4311 dem
314 4253 594 4310 bbereinstimmenden
616 4252 761 4317 Zeugaisse
790 4249 838 4301 der
864 4247 1072 4316 angesehanstan
1097 4244 1326 4299 llirclrenlehrer.“

169 4325 267 4379 Ibidem
286 4343 345 4396 pag.
364 4327 440 4378 34111
468 4323 536 4388 „Die
555 4320 752 4382 Protestnnten,
776 4334 855 4369 wenn
874 4320 912 4368 sie
940 4332 1026 4384 pogen
1053 4314 1103 4365 don
1122 4314 1259 4365 tielrranch
1279 4315 1327 4365 dor

170 4394 299 4449 'tradition
316 4395 459 4463 lrtlmplten,
478 4392 565 4444 hanan
580 4389 622 4440 die
640 4387 824 4455 unbeinngene
835 4385 989 4437 Geschiclrte
1006 4383 1132 4436 nichtaui
1146 4381 1216 4434 ihrer
1225 4384 1325 4434 Scite.“

170 4494 204 4504 -
221 4466 315 4530 „Adeo
333 4466 428 4517 veritas
446 4464 502 4527 ipsu
521 4466 633 4527 cogente
651 4466 740 4511 natura
764 4457 839 4508 ctiam
857 4454 889 4506 ab
908 4456 993 4506 invitis
1011 4451 1160 4520 pectoribus
1179 4453 1325 4519 erurnpitlt‘

171 4533 284 4591 Lacmnt.
302 4535 354 4586 dlv.
371 4528 525 4586 institutit
543 4543 568 4580 e.
585 4526 610 4578 1.
