2834 4896
1247 216 1282 271 xl

67 400 166 501 dero,
208 398 366 502 ideoque
405 396 562 475 libellum
603 396 745 476 huncce
787 400 1032 477 sincerissimo
1064 421 1145 473 cum
1176 400 1298 474 animo

65 520 243 597 ecclesiae
284 516 660 597 romano-catholicae
699 518 838 622 judicio
878 516 1061 616 submitto,
1102 527 1138 593 et
1177 541 1297 619 quae-

63 663 206 740 eunque
247 639 324 715 lors
365 638 502 714 inscius
543 649 668 714 contra
712 639 791 741 ejus
836 662 985 715 sensum
1030 635 1193 736 dixerim,
1237 659 1297 713 me

62 761 303 860 promtissime
334 765 589 835 revocaturum
621 781 719 857 esse,
746 756 890 858 publice
922 755 1081 833 declaro.

182 874 354 953 Cetemm
383 884 543 976 systema
564 871 695 976 hocce,
717 874 802 954 licet
827 886 930 954 recto
961 877 1182 977 inversoque
1203 871 1297 973 stylo

61 996 168 1072 toties
215 1005 416 1094 tractatum,
461 991 622 1105 pluribus
664 994 831 1075 laborare
874 993 1091 1094 defectibus,
1138 993 1296 1094 ideoque

61 1113 169 1190 multa
191 1113 311 1190 adbuc
336 1112 544 1215 relinquere
573 1112 831 1221 desideranda,
850 1117 1003 1216 ipsemet
1023 1116 1155 1213 sentio,
1178 1109 1298 1215 quid?

63 1232 159 1335 quod
191 1235 223 1309 si
253 1232 374 1309 denuo
406 1255 549 1308 manum
580 1232 777 1311 admovere
809 1256 1028 1310 concessum
1060 1241 1171 1330 esset,
1200 1255 1298 1307 nunc

60 1353 130 1455 jam
164 1351 265 1453 plura
298 1353 536 1454 corrigerem,
569 1362 605 1428 et
635 1353 671 1429 in
702 1355 827 1454 specie
859 1378 953 1456 quae
985 1354 1023 1450 δ.
1048 1350 1086 1427 1.
1118 1350 1297 1450 dicuntur,

63 1470 224 1570 uberius,
264 1494 357 1573 quae
396 1472 435 1568 ᾗ.
469 1467 507 1546 7.
549 1470 760 1572 alleruntur,
800 1475 929 1574 aptius,
962 1481 1000 1548 et
1029 1494 1124 1573 quae
1154 1471 1194 1568 ς.
1227 1468 1296 1545 21.

62 1589 101 1667 Β.
123 1600 463 1688 commemorantur,
489 1591 536 1664 ita
569 1614 803 1692 exponerem,
830 1602 882 1692 ut,
904 1616 995 1693 quas
1027 1588 1297 1667 hermeneutica

62 1706 357 1787 Acatholicorum
409 1706 561 1786 subierit
611 1708 772 1810 pheses,
831 1710 964 1787 elarius
1016 1712 1297 1810 perspiceretur.

64 1828 182 1920 Quare
212 1831 314 1905 viros
356 1827 531 1929 eruditos,
576 1831 772 1929 praecipue
815 1852 906 1906 vero
938 1828 1158 1905 clarissimos
1190 1825 1300 1904 studii

64 1945 183 2024 biblici
213 1949 446 2049 professores
468 1956 505 2023 et
525 1947 690 2050 collegas
722 1948 959 2025 amicissimos
990 1950 1118 2023 iterum
1145 1950 1299 2023 iterum-

66 2090 135 2169 que
166 2090 276 2169 rogo,
298 2077 349 2168 ut,
380 2090 475 2170 quae
507 2076 568 2143 aut
599 2078 729 2168 errata,
752 2078 813 2144 aut
843 2070 961 2145 minus
992 2077 1093 2144 recte
1125 2065 1298 2167 disposita

64 2185 208 2263 dictave
251 2188 479 2287 invenerint,
523 2184 686 2288 benigne
733 2189 935 2290 castigent,
976 2210 1058 2263 curn
1090 2184 1301 2287 disciplinae

64 2302 241 2406 biblicae,
282 2305 437 2407 amplum
480 2303 690 2383 eruditionis
731 2318 941 2407 apparatum
982 2307 1224 2408 requirentes,
1255 2302 1302 2380 ad

65 2425 238 2527 majorem
270 2425 503 2525 perfectionis
536 2423 691 2526 gradum
721 2424 854 2502 adduci
875 2427 936 2502 vix
966 2424 1036 2501 alio
1068 2424 1176 2502 modo
1208 2446 1302 2525 pos-

65 2546 148 2644 sint,
190 2544 272 2644 nisi,
312 2546 374 2645 qui
411 2567 556 2621 ornnem
594 2567 697 2621 suam
737 2547 846 2625 vitam
886 2568 937 2623 ss.
968 2544 1151 2621 literarum
1182 2541 1301 2621 studio

65 2661 199 2762 deant,
242 2665 342 2741 viras
379 2686 466 2743 suas
506 2663 675 2740 unientes
715 2674 776 2741 aut
805 2663 905 2742 libris
936 2686 1072 2740 nonum
1103 2665 1138 2740 in
1170 2684 1302 2740 annum

66 2783 205 2884 pressis
226 2806 409 2859 sacrarum
430 2784 661 2860 scientiarum
683 2781 809 2860 liorem
839 2806 1056 2885 promovere
1078 2781 1302 2881 adlaborent,

64 2911 126 2979 aut
155 2899 257 3001 nihil,
302 2903 372 2978 nisi
415 2901 547 2979 bonam
591 2926 745 3006 eamque
776 2925 1006 2981 communem
1036 2926 1183 2980 causam
1214 2924 1302 3003 prae

65 3019 183 3098 oculis
213 3018 391 3098 babentes
422 3022 502 3098 sine
534 3022 585 3098 ira
616 3030 654 3098 et
683 3020 804 3098 studio
835 3031 1018 3123 moneant,
1044 3044 1140 3124 quae
1171 3044 1303 3098 emen-

66 3138 185 3217 danda
209 3141 252 3221 in,
277 3139 356 3216 aliis
387 3138 704 3242 deprehenderint.
766 3139 1078 3232 Quemadmodum
1107 3162 1199 3217 vero
1230 3162 1304 3215 non

65 3258 184 3335 solum
215 3260 352 3337 amicas
381 3258 658 3359 admonitiones,
690 3258 758 3337 sed
789 3264 1000 3338 severiores
1032 3262 1139 3337 etiam
1170 3282 1304 3360 repre-

66 3375 265 3455 hensiones
305 3377 414 3456 modo
457 3381 546 3456 viris
578 3380 749 3481 ingenuis
782 3378 895 3482 digno
927 3381 1132 3481 propositas
1164 3379 1305 3481 gratis-

64 3497 156 3574 simo
189 3499 366 3600 excipiam
397 3499 535 3575 animo:
566 3500 627 3598 ita,
658 3509 698 3575 ut
727 3520 794 3600 par
824 3509 893 3600 est,
934 3497 1137 3576 nullatenus
1169 3495 1304 3576 curabo

65 3617 244 3717 vituperia
275 3626 314 3694 et
343 3619 611 3694 criminationes
651 3619 857 3695 criticomm
887 3640 1160 3718 anonymorum.
1222 3615 1304 3692 Dec

65 3733 214 3811 invente
253 3735 472 3840 aliquantulo
509 3736 637 3813 saltem
678 3735 835 3813 studium
875 3735 1044 3814 biblicum
1075 3738 1304 3839 promovisse

66 3852 129 3930 vel
150 3852 337 3955 adjuvisse
368 3854 613 3932 dulcissimum
639 3854 801 3932 laborum
821 3881 985 3934 meorum
1007 3858 1075 3933 erit
1095 3856 1304 3958 praemium.

186 3970 327 4075 Scripsi
357 3975 392 4051 in
423 3973 568 4052 Balneis
599 3973 768 4052 lllarianis
800 3977 895 4053 lesto
926 3975 968 4054 B.
999 3974 1046 4055 Μ.
1077 3973 1123 4054 V.
1155 3996 1304 4051 assum-

61 4100 122 4169 tae
153 4114 250 4171 anno
266 4090 520 4185 Universitatis
549 4096 664 4175 almae
683 4091 1117 4177 Carolo-Ferdinandeae
1143 4091 1305 4196 jubilari.

934 4514 937 4519 ’
1022 4514 1250 4597 Auctor.
