2834 4896
322 1036 1034 1171 Prole-gameno.

517 1284 845 1294 -—-.-—.-—

574 1512 731 1606 caput
758 1488 794 1586 r.

362 1667 412 1727 tte
437 1662 735 1728 tro'rmeneutiea
758 1665 991 1747 generatim.

636 1859 667 1927 §.
692 1851 720 1913 1.

66 1962 139 2014 Varia
158 1964 243 2030 signa,
262 1962 355 2030 quibus
374 1962 491 2015 hominen
511 1964 623 2032 cogitata
641 1974 775 2028 sensaque
792 1976 840 2013 aua
858 1961 915 2017 aliie
934 1963 1105 2015 manifestant.
1142 1962 1303 2030 significatio

608 2041 635 2083 et
652 2048 753 2083 sensus.

168 2150 289 2260 Homo
316 2197 502 2261 odreotorc
525 2217 584 2261 cuo
612 2208 657 2261 tot
677 2201 833 2280 tantisque
858 2199 984 2262 dotibus
1013 2218 1052 2261 ec
1070 2198 1308 2279 proeropotioir

68 2295 240 2348 coornatus
267 2294 324 2360 eat,
354 2286 390 2346 ut
412 2303 520 2346 erronea
552 2294 719 2347 erecturos
749 2286 844 2365 injur
871 2294 974 2348 terroe
993 2286 1194 2365 praestentid
1218 2285 1307 2361 tonpe

68 2381 198 2448 superet.
245 2371 331 2431 Inter
352 2390 482 2432 mutiero
502 2373 566 2432 isto
593 2372 702 2432 dioinc
723 2374 836 2434 errainet
857 2373 958 2446 rotie,
981 2373 1155 2432 volunta-tie
1176 2370 1308 2432 libertas

68 2466 94 2517 et
109 2461 234 2518 onioooe
253 2458 484 2519 irnmortotitos.
530 2456 599 2531 Qun
618 2477 675 2518 ens
696 2458 854 2521 rutionote
874 2458 1026 2536 facultate
1042 2455 1203 2536 eopitondi
1225 2473 1308 2533 pon-

69 2543 124 2619 ctu,
148 2546 182 2604 oi
212 2545 304 2622 eujus
330 2545 499 2604 veritatum
527 2545 662 2603 murinae
690 2544 870 2604 sublimium
894 2542 1074 2604 thesaurum
1104 2542 1168 2603 cibi
1193 2539 1308 2618 eequi-

67 2629 161 2691 rendo
186 2648 250 2708 per
273 2629 426 2704 redditur,
451 2631 512 2689 inco
542 2630 585 2689 od
598 2628 697 2690 Deum
716 2630 819 2708 ipsum
834 2637 930 2690 cernet
952 2630 1070 2690 attollit
1079 2649 1093 2701 ,·
1112 2646 1172 2707 per
1190 2628 1309 2687 voiun-

69 2716 138 2776 totis
156 2716 328 2776 libertatem
347 2716 484 2789 virtutis,
504 2716 638 2793 proinde
662 2716 766 2775 meriti
783 2716 977 2794 praemiique
999 2733 1104 2794 cepoe
1119 2721 1183 2785 ect,·
1203 2730 1307 2790 prop-

69 2806 110 2861 ter
128 2803 254 2862 ‹rriirnoc
271 2802 533 2861 immortalitatem
550 2801 720 2862 destinatio
740 2801 809 2878 ejus
826 2801 912 2862 uitro
934 2810 1086 2880 unpuatoe
1104 2800 1199 2877 trojus
1224 2798 1309 2858 eituc

69 2889 216 2949 temunoe
239 2887 358 2963 infinite
380 2887 566 2947 extenditur.
611 2886 701 2947 Dono
730 2887 893 2965 copitundi
915 2888 1006 2948 atiud
1027 2906 1091 2948 non
1110 2887 1214 2946 ocinus
1227 2901 1308 2961 pre·

68 2972 179 3035 tim-um
205 2974 346 3033 additum
368 2981 425 3048 eat,
449 2974 596 3033 rriniirum
615 2973 767 3051 focutter,
789 2974 929 3051 copiteto
945 2991 1100 3051 sensaque
1117 2990 1178 3032 cua
1202 2968 1309 3028 moni-

65 3056 224 3137 [cstundi;
255 3068 306 3119 ost
331 3058 389 3119 troc
418 3059 548 3119 nonnisi
566 3077 625 3137 per
647 3060 756 3137 cipue,
787 3077 866 3137 quoe
894 3058 928 3118 in
954 3058 1217 3129 conserendum,
1238 3052 1310 3131 fieri

64 3153 174 3223 potest.
232 3144 311 3205 Sunt
335 3152 438 3206 eutem
469 3145 561 3222 aipno
592 3144 669 3205 tneo
702 3144 770 3204 aiio
800 3145 987 3221 naturalia,
1020 3145 1087 3205 otio
1123 3139 1309 3202 arbitrario.

67 3229 235 3291 Noturotio
261 3239 433 3305 cocuntur,
464 3230 578 3309 quibus
604 3231 743 3290 tornines
760 3238 890 3308 praeter
910 3231 1101 3291 uoluntatem
1131 3225 1231 3288 enimi
1256 3223 1309 3285 aui

67 3317 275 3376 conditionem
296 3324 456 3394 motusque
476 3316 553 3377 otiis
569 3317 717 3394 produnt,
741 3334 768 3376 o.
789 3334 816 3394 9.
837 3316 935 3391 onitu,
958 3316 1010 3376 oet
1030 3313 1188 3392 simpuiori
1216 3310 1308 3371 oecis

66 3414 162 3471 eorm:
180 3411 267 3463 certo
290 3403 437 3480 eorporis
453 3409 510 3493 apt
538 3401 744 3462 membrorum
764 3410 856 3463 motu.
901 3400 1084 3463 Arbitrnriu
1110 3400 1203 3478 aione
1223 3403 1307 3472 aurit,

67 3489 179 3565 (puteus
196 3488 337 3548 nominee
353 3488 490 3548 scienter
517 3487 717 3566 volentesque
737 3487 977 3549 additamentis
1005 3493 1097 3565 atque
1127 3483 1228 3546 enimi
1255 3481 1308 3543 eui

65 3573 214 3651 poridunt.
258 3573 381 3634 Horum
407 3573 475 3634 eliu
501 3575 661 3652 pertinent
690 3573 734 3634 od
760 3574 922 3634 oculorum
948 3592 1089 3647 aeneum,
1114 3572 1182 3632 otio
1212 3584 1310 3646 eoque

67 3642 205 3735 pirorimo
233 3658 278 3719 ed
295 3678 421 3720 aeneum
440 3660 582 3735 curium,
599 3659 798 3738 paucissimo
820 3659 864 3719 od
892 3677 1005 3720 aeneus
1029 3659 1178 3736 reliquos.
1225 3654 1310 3714 Inter

67 3746 158 3823 rtpno
175 3744 364 3805 'arbitrario
393 3762 488 3805 oooea
516 3764 573 3806 ceu
600 3744 697 3806 aerbo
718 3745 854 3823 primum
883 3754 1039 3823 occupant
1067 3745 1189 3814 iocum;
1223 3740 1309 3799 triaco

67 3832 202 3890 omnium
224 3831 418 3908 reliquorum
439 3831 601 3909 cipporum
623 3833 673 3891 oia
693 3832 894 3909 compermeri
914 3839 1036 3909 petest,
1055 3830 1180 3907 reliquo
1207 3833 1309 3886 eutem

68 3935 129 3975 non
150 3914 315 3995 sufficiunt
329 3917 372 3977 od
390 3934 509 3977 earnem
526 3917 692 3978 verborum
709 3924 895 3995 potestatem
912 3915 1166 3978 ertrouriendnm.
1189 3907 1309 3970 Etenim

67 4018 125 4061 non
150 4001 292 4062 obstante
316 4018 431 4063 summa
454 4000 655 4081 perfectione,
679 4000 829 4082 adquam
853 4002 923 4063 oiim
933 4001 1059 4063 Romani
1083 4004 1181 4061 artem
1205 3993 1307 4055 mimi-

69 4105 133 4147 cam
157 4094 342 4166 evexerant,
365 4087 406 4147 ita
429 4092 461 4147 ut
480 4106 506 4146 v.
524 4106 553 4169 g.
577 4086 716 4164 Rosciae,
741 4088 958 4149 celeberrimus
982 4087 1097 4159 histrio,
1122 4081 1171 4144 vel
1196 4080 1307 4142 iacun-

68 4171 134 4232 dam
159 4172 316 4234 Ciceronis
350 4173 482 4255 linguam
517 4173 554 4234 ad
579 4180 733 4235 certamen
755 4191 926 4254 provocare
949 4189 1043 4235 ausus
1074 4186 1144 4230 esse
1169 4168 1307 4249 legatum

67 4275 128 4318 aon
151 4259 291 4321 obstante
305 4258 453 4340 stupenda
477 4258 669 4335 dexteritate,
694 4278 752 4339 qua
776 4259 981 4322 surdo-muti
1005 4276 1021 4318 a
1044 4255 1141 4336 perito
1160 4254 1306 4334 magistro

68 4343 166 4404 edocti
190 4345 323 4425 cogitata
347 4362 499 4424 sensaque
512 4363 566 4406 sua
590 4346 728 4426 gestibus
748 4346 920 4425 exprimere
943 4343 1056 4417 seiunt3
1080 4359 1141 4402 noa
1166 4340 1306 4401 obstante

67 4429 232 4490 admirabili
263 4430 417 4491 scribendi
447 4431 572 4511 peritia,
609 4450 667 4511 qua
691 4432 893 4512 cogitationes
924 4431 974 4490 vix
1004 4434 1105 4488 mento
1137 4430 1306 4503 conceptae

67 4514 188 4577 chartae
211 4516 409 4578 orandorum:
434 4516 525 4578 dubio
544 4523 643 4578 tamen
666 4517 831 4579 obnoxium
854 4533 915 4578 aon
939 4520 995 4591 est,
1019 4513 1145 4661 sulrtptes
1170 4510 1304 4572 existere
