2834 4896
1244 280 1307 344 153

56 446 192 512 damet
210 444 318 513 alcide
349 450 646 529 repraesentandam
681 457 831 530 epectant.
875 448 1136 522 Quemadmodum
1166 452 1306 516 nimirum

56 534 93 597 iis
120 534 247 618 ]tabulis·'
262 550 306 617 'aa
337 536 464 617 picturis
500 537 771 617 symbolicis-ipsa
804 537 923 617 integra
955 538 1109 601 dumtaxat
1138 538 1234 621 ligura
1259 544 1314 603 est-

59 620 236 703 sysnbblum
257 624 304 693 rei
336 622 471 703 illudque
501 622 670 705 significat,
704 621 786 703 quiid
816 622 915 702 pictor
945 630 1179 705 repraesentare
1201 625 1307 705 voluit,

60 714 258 789 nequaquam
282 724 358 771 vero
381 709 482 771 omnia
504 714 536 769 ct
557 708 782 790 singulaque
799 708 843 787 ad·
860 708 978 791 figurae
1001 711 1155 791 pertinent
1176 712 1308 795 integri-

61 798 175 855 tatem:
197 794 240 855 its
264 798 296 855 et
318 793 485 877 allegoriis,
517 794 683 877 parabolis.
709 794 855 874 symbolis
878 813 914 856 ac
938 799 1016 879 typis
1039 816 1135 879 saepe
1159 798 1308 879 quaedam

62 878 169 941 addita·
190 886 271 957 sunt,
294 897 375 961 quae
396 899 458 943 non
481 880 520 943 ad
542 900 606 943 rem
640 881 880 964 significandam,
905 881 961 943 sed
984 884 1083 945 solum
1105 882 1144 945 ad
1162 884 1307 966 imaginis

61 964 286 1049 perlectionem
310 974 458 1049 spectant.
482 966 512 1029 Si
535 986 563 1029 v.
577 964 650 1049 gin
671 966 772 1029 tabula
796 967 950 1029 coloribus
974 969 1149 1051 depingitur
1170 976 1317 1033 matrona·

62 1050 172 1115 velatis
195 1052 298 1115 ucmls
316 1060 461 1116 stateram
486 1056 516 1115 in
538 1070 608 1131 una,
643 1053 776 1136 gladium
798 1054 831 1114 in
853 1054 946 1115 altera
970 1060 1202 1134 manutenens,
1226 1060 1308 1119 tam·

63 1152 152 1221 qnam
176 1139 349 1217 symbolum
367 1140 526 1220 justitiae:
548 1141 667 1222 integra
691 1138 787 1221 figura
811 1156 879 1199 curn
904 1140 1055 1221 adJunctis
1077 1142 1305 1223 principalibus,

62 1223 203 1287 nimirum
226 1230 350 1301 autera,
373 1224 486 1307 gladio,
507 1226 616 1287 velatis
640 1224 737 1288 oculis
756 1224 906 1306 justitiam
932 1227 1104 1309 signitical3
1126 1235 1174 1291 ast
1195 1228 1306 1309 capilli,

62 1304 315 1373 vadimoniorum
338 1309 435 1374 lorma
459 1318 490 1374 et
511 1319 689 1374 ornamenta
705 1318 765 1373 etc.
778 1310 852 1373 nibil
874 1312 1140 1395 significant,lioet
1161 1314 1199 1377 ad
1221 1314 1306 1379 inte-

63 1397 209 1479 gritatem
241 1392 359 1479 figurae
392 1398 568 1460 necessaria
592 1398 666 1477 sint,
695 1398 726 1459 ia
759 1396 870 1479 quibus
894 1399 920 1461 si
947 1400 1016 1481 quis
1052 1399 1317 1485 significationem

66 1488 241 1564 quaereret,
265 1483 303 1547 ab
324 1484 393 1565 ipso
415 1486 535 1566 pictore
557 1485 665 1547 merito
689 1484 891 1547 derideretur.
935 1485 1077 1548 Attamen
1270 1546 1274 1553 .

146 1573 248 1645 oyen
270 1572 375 1651 aptius
397 1588 436 1632 ac
454 1571 583 1649 felicius
616 1571 757 1634 adbibita
789 1579 872 1648 sunt,
894 1589 957 1653 qno
976 1574 1125 1654 pluribus
1145 1574 1179 1636 in
1197 1575 1307 1655 partia

68 1654 125 1717 bur
145 1658 253 1735 inape
275 1674 345 1719 cunc
366 1676 402 1717 re
425 1659 497 1736 ipsa
519 1660 685 1732 conveni&
707 1659 778 1719 ltine

150 1742 396 1827 ellinici-pretia
422 1752 490 1821 ert,
531 1746 565 1805 in
596 1744 784 1824 parabolica
822 1746 992 1824 praecipue
1026 1745 1152 1807 dicendi
1182 1748 1307 1809 ratione

65 1824 317 1895 camaiateint
337 1832 491 1908 mopiam,
504 1830 575 1909 iam
597 1848 618 1891 a
636 1831 741 1911 priori
761 1832 795 1890 r'n
817 1831 953 1909 singulis
971 1832 1118 1911 partibas
1140 1833 1305 1911 significa-

64 1915 177 1975 tionem
200 1932 387 1994 emanere,
409 1926 442 1979 et
460 1915 500 1977 ab
523 1917 583 1978 bac
611 1917 740 1977 nonnisi
761 1924 824 1977 turn
857 1918 1013 1995 recedere,
1036 1920 1067 1980 εἰ
1086 1918 1140 1981 ael
1158 1923 1220 1994 aa)
1242 1920 1307 1980 non'
1381 1946 1384 1953 Δ

63 2008 174 2079 monte
195 2018 231 2062 re
253 2000 355 2081 offert,
376 2003 429 2065 cel
449 2001 507 2077 bb)
529 2002 611 2064 banc
640 2002 766 2063 illamve
792 2012 917 2082 partera
945 2007 1074 2067 nonnisi
1093 2004 1138 2067 ad
1159 2014 1325 2067 aaran

63 2086 205 2149 addeum
227 2105 307 2165 aare,
330 2096 417 2173 certo
440 2089 653 2150 demormtrari
671 2097 784 2167 potest.

148 2188 263 2254 Omnia
281 2200 450 2271 practerea
471 2192 529 2253 illa
552 2191 677 2252 dicendi
698 2208 825 2271 genera,
848 2192 878 2253 ei

131 2274 179 2337 ’2.
200 2277 417 2357 interpretatio
441 2296 548 2339 rerum
570 2284 744 2355 spectetur,
778 2280 945 2357 inponere
978 2276 1104 2339 eusdem
1134 2288 1307 2361 repanmr

36 2360 304 2463 ‚reputor-quaa
334 2368 483 2443 superius
504 2370 537 2437 s.
560 2361 612 2426 at.
635 2362 673 2425 de
697 2364 953 2445 interpretatione
985 2373 1147 2445 troporum
1177 2362 1306 2449 egenter

62 2464 296 2527 proposuimus.

148 2548 244 2615 llisce
265 2552 441 2633 praemissis
461 2552 524 2635 jam
547 2570 674 2637 agemus

92 2790 140 2855 De
162 2792 335 2873 allegoriis,
358 2794 509 2877 rprnbolie
531 2803 561 2858 et
581 2798 674 2877 typis,
700 2793 864 2875 parabolis
886 2812 925 2857 ac
944 2792 1077 2873 fabulis,
1099 2800 1131 2857 et
1151 2792 1274 2875 quidem

630 3006 662 3077 s.
685 3000 738 3063 89.

576 3139 608 3202 a)
626 3134 795 3189 Definiendis.

121 3320 124 3325 -
151 3277 182 3339 1.
202 3276 366 3359 adaperta
394 3288 443 3341 est
472 3282 616 3342 remeatis
647 3280 813 3359 cujusdam
841 3278 1091 3359 repraesentatio
1119 3294 1179 3356 per
1200 3276 1304 3338 rotans

63 3364 231 3445 inopiam
258 3372 416 3444 cognitam
433 3365 533 3444 facta,
563 3386 620 3429 seu
642 3377 690 3430 eat
710 3368 894 3429 continuata
915 3364 1106 3443 metaphora,
1128 3381 1191 3443 pua
1212 3365 1304 3441 copi·

64 3458 132 3513 tata
153 3450 308 3531 &mentis
327 3468 387 3530 per
406 3453 502 3532 plara
530 3454 651 3515 similia
681 3452 820 3531 sinadam
841 3454 890 3513 rci
911 3452 1056 3529 ceperitne
1074 3460 1314 3529 properantem,

63 3538 139 3617 pata
160 3546 263 3599 nmen
292 3546 401 3616 aperte
421 3540 471 3599 rai
499 3539 571 3600 duic
606 3540 823 3601 assimilentur
844 3546 900 3600 aut
921 3555 991 3598 cnm
1012 3546 1304 3615 accorporamur,

62 3622 106 3684 nti
129 3620 164 3684 iit
183 3622 215 3684 in
237 3622 483 3686 similitudinibus
506 3642 543 3685 ac
566 3624 851 3705 comparationibus.
895 3622 930 3684 V.
953 3641 983 3703 g.
1006 3620 1119 3684 Erech.
1145 3619 1195 3699 tt,
1217 3621 1304 3685 22-

62 3708 115 3771 24.
137 3706 288 3791 legimus:
319 3708 422 3788 ,Haeo
445 3708 517 3772 dicit
538 3710 685 3773 Dominus
707 3710 805 3773 Deus:
828 3710 866 3771 tii
888 3726 1004 3770 sumam
1026 3725 1087 3789 ego
1111 3707 1150 3770 de
1172 3707 1305 3770 medulla

62 3793 152 3856 cedri
165 3794 312 3857 'sublimis
335 3802 367 3857 et
387 3813 512 3875 ponam3
536 3797 575 3858 de
597 3797 713 3858 vertice
743 3813 894 3858 ramorum
917 3794 985 3873 ejus
1016 3800 1155 3857 tenerum
1176 3794 1304 3855 distrin-

61 3898 144 3963 gam,
167 3887 199 3942 et
221 3879 363 3961 plantabo
397 3898 491 3962 snper
514 3888 646 3943 montem
669 3883 825 3944 excelsum
849 3888 881 3943 ct
903 3880 1096 3942 eminentem.
1141 3880 1173 3941 ln
1196 3886 1301 3941 monte

61 3966 184 4029 sublimi
205 3965 300 4029 lsrael
322 3966 464 4048 plantabo
486 3967 569 4045 illud,
587 3976 619 4030 et
634 3974 772 4050 erumpet
794 3968 823 4028 in
847 3984 984 4048 germen,
1001 3968 1032 4028 e't
1046 3964 1138 4027 iaciat
1161 3964 1302 4041 sructum,

61 4059 95 4115 et
117 4053 177 4115 erit
197 4052 230 4114 in
253 4051 377 4115 cedrum
400 4072 551 4135 magnam,
575 4060 606 4117 et
627 4053 803 4116 babitabant
836 4053 893 4116 sub
917 4073 953 4115 ea
978 4069 1084 4115 ornnes
1106 4049 1249 4112 volucres
1273 4057 1305 4113 et

60 4139 240 4201 universum
273 4137 397 4201 volatile
420 4140 477 4203 sub
499 4141 604 4202 umbra
640 4139 791 4203 frondium
822 4142 889 4221 ejus
926 4135 1099 4201 nidificabit.
1142 4135 1181 4197 ta
1203 4138 1304 4199 scient

60 4224 163 4288 omnia
185 4224 268 4306 ligna
298 4225 454 4306 regionis,
487 4228 558 4306 quia
581 4244 641 4308 ego
664 4227 810 4289 Dominus
843 4224 994 4289 bumiliavl
1026 4223 1141 4305 lignum
1163 4223 1302 4300 sublime,

60 4317 94 4373 et
116 4309 248 4373 exaltavi
270 4310 386 4393 lignum
408 4310 531 4391 humile,
555 4319 587 4375 et
609 4312 724 4375 siccavi
745 4313 859 4395 lignum
888 4310 995 4389 viride,
1019 4316 1051 4372 et
1072 4309 1218 4373 frondere
1241 4308 1304 4373 leci

59 4396 176 4479 lignum
200 4395 325 4458 andum.
368 4396 436 4480 Ego
458 4397 605 4461 [lominus
626 4397 749 4461 locutus
772 4416 837 4460 sum
861 4403 894 4459 et
915 4396 975 4459 feci
999 4394 1145 4470 (facio).“
1174 4432 1211 4441 -
1236 4397 1302 4461 Sub

59 4482 119 4545 bac
140 4483 277 4565 imagine
304 4482 489 4546 describitur
519 4482 640 4546 iuturus
661 4484 791 4547 Messias
815 4485 943 4564 ejusque
966 4500 1105 4565 regnum,
1128 4484 1169 4545 ita
1192 4490 1226 4545 ut
1246 4501 1304 4565 por

59 4568 188 4633 cedrum
209 4568 382 4648 sublimem,
403 4586 423 4633 e
446 4570 534 4651 cujum
566 4570 698 4632 medulla
728 4570 873 4651 particula
895 4576 993 4631 sumta
1016 4576 1074 4648 est,
1097 4569 1190 4718 §guam
1211 4568 1303 4633 davi·
