2834 4896
1249 221 1287 284 51

133 389 164 452 8.
186 389 385 470 Auqnstinus
406 394 448 465 (†
469 387 551 465 430)
575 391 609 451 in
637 392 887 471 expositionibus
917 391 1122 470 Psalmoram
1143 394 1177 459 in
1201 392 1293 458 libris

44 476 81 538 de
104 476 225 539 Genesi
247 479 451 556 etinopere
473 477 661 538 decivitate
684 477 742 540 Dei
764 481 903 557 sparsim
924 476 1054 556 reqnlas
1082 479 1293 543 bermeneuti-

44 581 120 638 cas,
152 564 187 623 in
220 562 341 641 scripto
373 580 449 623 cero
479 562 517 623 de
547 563 693 624 doctrina
724 565 900 625 cbristiana
932 564 983 625 lib.
1006 565 1059 626 IV.
1090 565 1149 628 sub
1181 567 1294 628 titulo:

45 649 240 728 ,Praecepta
272 647 511 710 tractandarum
545 648 799 728 Scripturaram“
845 652 1000 729 inteqrum
1045 648 1295 714 bermeneuiicae

45 734 175 797 ecbibet
195 741 342 815 systema,
365 735 399 795 in
421 751 482 813 quo
505 735 657 795 materiae
681 742 834 798 tractatae
856 735 984 812 ambita,
1008 736 1153 799 claritate
1175 745 1207 798 et
1226 739 1296 800 uti-

47 822 135 884 litate
158 837 270 881 omnes
289 820 382 897 prius
403 821 583 882 nominatos
606 820 696 899 lonqe
718 839 874 900 superans
902 823 1059 899 judiciam
1089 833 1244 885 maturam
1266 830 1297 884 et

46 906 193 971 sobrium
213 904 406 984 manifestat,
426 913 458 967 et
478 906 635 985 epreqium
656 908 775 987 inqenii
795 909 847 969 sui
868 907 993 970 subtilis
1015 918 1244 972 monumentum
1265 916 1297 973 el

47 992 102 1056 loe
126 997 279 1070 respectu
301 990 429 1069 reliquit
449 989 496 1065 ⁴*).
560 999 563 1006 '
857 1014 859 1018 ⁸

129 1077 225 1139 Saea.
251 1075 300 1137 VI.
328 1074 492 1153 Adrianus
522 1080 566 1151 (a.
589 1093 657 1137 ann.
680 1075 869 1153 520-530)
900 1079 954 1140 in:
978 1075 1132 1158 Eceoyapr'p
1164 1081 1205 1149 sie
1238 1099 1295 1150 aar

48 1162 135 1233 belae
158 1155 304 1241 γραφὰς),
327 1166 359 1222 et
380 1159 530 1223 Aurelius
552 1161 766 1225 Cassiodorus
783 1170 822 1238 (†
837 1161 916 1239 563)
940 1166 974 1227 in
997 1163 1077 1227 libro
1100 1166 1138 1227 de
1160 1167 1293 1227 institu-

49 1250 131 1312 tione
163 1246 344 1309 diuinarum
380 1246 544 1309 literarum
573 1267 680 1327 pauca
711 1250 896 1327 adjecerant
930 1251 1070 1330 quidem,
1093 1251 1295 1330 disciplinam

50 1344 152 1397 autem
173 1341 318 1395 noemam
341 1350 405 1393 non
426 1333 650 1410 exhauserant,
672 1344 703 1397 et
723 1336 822 1397 eidem
841 1336 940 1414 plura
954 1337 1063 1399 abeno
1083 1338 1294 1412 inseruerant,

51 1420 133 1501 quod
153 1434 258 1498 usque
279 1418 324 1479 ad
341 1418 434 1495 finem
456 1436 540 1479 saec.
565 1419 614 1480 18.
637 1421 709 1497 fieri
730 1421 862 1482 solebat.

134 1503 283 1566 Saecnlis
314 1502 481 1583 subsequis
512 1523 582 1565 cnm
605 1506 681 1567 aliis
713 1509 856 1569 scientiis
879 1516 910 1569 et
926 1507 1160 1569 benneneutica
1179 1525 1295 1586 param

55 1591 229 1656 colebatur.
252 1607 345 1669 qaam
363 1608 402 1650 ne
422 1592 548 1669 proprii
570 1592 693 1669 quidem
716 1592 842 1655 labores
863 1594 1016 1671 eaeqetici
1048 1596 1296 1672 susciperentur,

54 1678 106 1740 sed
140 1676 358 1755 antiquiorum
386 1676 529 1754 destiqiis
561 1678 699 1739 terendis
729 1681 820 1740 unice
858 1682 1092 1758 acquiescentes
1122 1679 1244 1741 scholia
1266 1685 1299 1740 et

53 1765 179 1845 qlossas
211 1760 396 1840 colliqerent
422 1770 611 1842 catenasque
633 1765 840 1842 conficerem&
870 1765 1014 1825 continuo
1038 1764 1177 1825 nimirum
1200 1782 1296 1825 enas-

55 1854 160 1911 centes
190 1844 339 1908 haereses
372 1864 464 1910 omnm
496 1845 564 1909 iere
596 1847 727 1911 studium
749 1849 788 1911 ad
810 1850 991 1932 polemicam
1014 1855 1240 1927 converterant,
1263 1855 1297 1911 et

54 1937 235 2019 ingruentes
259 1932 330 1995 dein
339 1931 557 2011 vandalorum,
575 1931 741 1997 Gothorum
764 1935 952 2016 aliorumque
974 1935 1093 1997 rudium
1115 1935 1297 2017 populorum
1365 1976 1371 1983 -

55 2021 267 2095 incursiones,
301 2018 431 2082 mundus
454 2036 567 2080 novum
590 2037 691 2082 rerum
725 2021 862 2084 ordinem
894 2022 1065 2102 parturiens
1097 2022 1297 2084 secretiorum

56 2107 213 2170 literarum
246 2105 354 2167 studiis
384 2105 506 2167 minime
540 2106 699 2177 favebant,
721 2108 764 2169 ita
787 2115 819 2170 ut
850 2107 1061 2171 descrihendis
1085 2106 1243 2170 codicibus
1267 2112 1299 2167 et

57 2193 150 2255 triviis
174 2189 404 2273 quadriviisque
427 2193 525 2254 omnis
548 2189 614 2254 iere
637 2192 793 2256 literatura
817 2194 1039 2257 absolveretur.

140 2278 222 2341 lude
243 2296 266 2341 a
287 2296 371 2341 saec.
392 2276 474 2341 XIV.
494 2278 590 2358 plura
612 2280 763 2357 adjuncta
783 2282 890 2342 sardio
924 2279 1038 2341 biblico
1061 2289 1092 2341 et
1113 2279 1299 2341 tonenea-

59 2366 136 2427 ticae
159 2366 197 2426 in
218 2365 323 2443 specie
343 2366 543 2444 patrocinari
564 2374 750 2445 coeperunt3
774 2383 854 2426 anno
877 2366 1016 2426 nimirum
1041 2363 1134 2425 1311.
1162 2365 1194 2425 in
1217 2381 1298 2426 eon-

60 2451 124 2512 cilio
150 2449 320 2512 Viennensi
342 2456 487 2512 statutum
511 2455 568 2528 est,
588 2457 621 2511 ut
643 2450 674 2512 in
697 2451 893 2512 scientiarum
916 2449 1162 2512 universitatibus
1185 2449 1299 2512 docto-

60 2554 105 2599 res
138 2535 314 2618 liuguarum
346 2535 537 2598 orientalium
564 2536 754 2614 (hebraicae,
778 2538 948 2599 aramaicae
971 2543 1003 2599 et
1025 2535 1183 2611 arabicae)
1206 2534 1298 2597 insti-

61 2628 239 2695 tuerentur3
263 2639 342 2684 anno
366 2621 438 2683 dein
462 2620 556 2683 1453.
579 2621 840 2705 Constantinopoli
859 2642 876 2684 a
894 2622 1001 2685 'iureis
1025 2629 1174 2702 occupata
1195 2621 1300 2703 plures

63 2708 169 2770 eruditi
196 2705 307 2769 Graeci
339 2707 477 2769 initalia
511 2707 662 2790 refugium
697 2711 931 2789 quaesiverunt3
955 2710 1077 2771 inventi
1100 2707 1301 2790 typographia

63 2802 122 2869 (ao.
148 2779 588 2868 1440-i450.)1inrisaen
618 2795 716 2877 magis
739 2802 771 2856 et
792 2795 902 2858 minori
922 2796 1021 2875 pretio
1057 2794 1300 2876 divulgabantur,

64 2887 88 2942 et
109 2880 222 2942 literae
244 2881 276 2941 in
300 2897 416 2962 genere
440 2879 695 2942 reflorescebant.
729 2881 900 2943 Luculenta
922 2890 1056 2942 mutatae
1079 2899 1184 2942 reram
1203 2879 1303 2958 faciei

63 2968 242 3031 testimonia
261 2966 414 3046 praebent
438 2967 588 3028 Postillae
613 2967 739 3029 Nicolai
770 2967 890 3047 Lproni
911 2971 949 3040 (†
973 2964 1073 3040 1340)
1107 2985 1165 3028 seu
1191 2966 1302 3026 breues

66 3054 282 3115 commentarii
310 3054 344 3113 in
376 3054 527 3114 uniuersa
557 3052 681 3130 Biblia,
714 3061 745 3114 et
776 3055 996 3114 adnotationes
1031 3051 1075 3113 ad
1106 3051 1182 3125 illas
1211 3049 1304 3111 Pauli

64 3136 432 3218 liurqensis(†143b),
467 3138 519 3218 qui
551 3145 681 3217 uterque
712 3137 908 3200 aludaismo
942 3137 980 3198 ad
1014 3155 1102 3200 sacra
1136 3136 1303 3197 christiana

65 3224 235 3300 transierat,
259 3229 291 3285 et
312 3242 375 3284 non
409 3222 501 3285 modo
533 3243 677 3305 graecae,
714 3223 770 3285 sed
793 3231 825 3285 et
845 3224 1008 3287 hebraicae
1031 3224 1154 3304 liuguae
1175 3221 1303 3303 peritus,

66 3316 200 3372 sectator
222 3315 290 3371 erat
311 3326 422 3373 sensus
444 3309 571 3372 libralis
589 3310 678 3389 juxta
701 3310 848 3391 principia
870 3309 1151 3389 saniora,apriore
1172 3308 1205 3370 iu
1225 3323 1304 3390 pro-

66 3393 143 3478 logis
167 3395 321 3476 exposita,
345 3397 418 3475 quin
439 3403 541 3457 tamen
564 3414 688 3458 sensum
711 3397 872 3476 mysticum
893 3396 1077 3477 negligeret.

145 3480 273 3543 Enoria
293 3501 376 3543 saec.
393 3481 474 3544 XVI.
488 3483 537 3544 sic
559 3483 644 3544 dieta
666 3482 887 3562 reformatione
899 3482 1114 3545 Protestantes
1135 3478 1304 3542 madidans

66 3567 269 3629 aecclesiae
300 3569 487 3630 auctoritate
516 3569 684 3649 repudiata
704 3589 727 3629 s.
751 3567 947 3648 scripturam
978 3568 1107 3629 unicam
1125 3565 1245 3645 fontem
1266 3582 1305 3627 ac

67 3653 208 3733 requiam
226 3654 301 3731 fidei
314 3661 345 3715 et
365 3672 485 3715 morum
506 3664 722 3734 aqnoscentes,
735 3654 804 3732 ejas
825 3653 966 3715 stadium
987 3661 1052 3715 toto
1073 3654 1178 3714 animo
1201 3652 1306 3713 omni-

66 3736 183 3821 busque
212 3739 337 3800 eiribus
369 3740 523 3819 amplecti,
546 3749 584 3816 et,
607 3741 682 3820 quio
704 3742 739 3801 in
759 3758 855 3800 semu
873 3739 1013 3818 pluriam
1036 3738 1177 3800 locorum
1199 3737 1306 3797 deter-

66 3824 214 3887 minando
235 3843 300 3887 uon
322 3833 441 3887 matum
456 3825 663 3888 acatholicis
685 3825 909 3902 discesserunt,
924 3826 983 3888 sed
997 3832 1029 3887 et
1043 3826 1107 3904 ipsi
1123 3826 1158 3885 in
1179 3822 1307 3883 diuersa

66 3909 227 3987 alienent,
259 3911 402 3990 inprimis
430 3928 559 3972 normas
581 3929 696 3972 sensns
726 3911 906 3972 inveniendi
924 3910 1141 3991 probandique
1163 3903 1307 3969 stabilire

66 3996 264 4077 coqebaatar.
307 3995 413 4077 Neque
440 3996 576 4076 tbeoloqi
602 3996 752 4059 catholici
776 4015 838 4077 pro
859 3998 920 4075 fide
947 4015 1008 4059 saa
1028 3998 1118 4058 aoita
1138 3992 1307 4053 militantes

67 4079 123 4145 bac
144 4084 181 4145 in
201 4099 238 4145 re
259 4081 386 4145 desides
411 4091 521 4160 erant,
543 4083 599 4145 sed
616 4084 694 4164 pari
722 4101 826 4164 passa
854 4083 1058 4159 incedebant,
1091 4076 1308 4157 similibusque

115 4353 412 4420 ⁴)ctr.1nnnuaonem
430 4355 812 4409 hermeneutico-homileticam
832 4372 864 4408 ex
886 4354 1022 4422 Augustini
1040 4351 1110 4403 libris
1132 4350 1167 4402 tv
1191 4349 1225 4403 de
1257 4349 1309 4401 do-

152 4425 236 4473 ctriua
264 4427 443 4493 conquisitam,
460 4425 600 4476 illnsratam
619 4433 645 4476 et
672 4426 705 4477 ad
730 4442 802 4477 usum
825 4422 1044 4476 accommodatam
1071 4420 1151 4473 edidit
1174 4420 1197 4477 i.
1216 4419 1304 4471 Breit-

141 4491 242 4557 meunt
259 4491 345 4553 ililon.
363 4492 440 4545 1385.
457 4492 577 4545 Aurelius
595 4494 752 4561 Augurinus
771 4493 802 4543 lii
821 4493 944 4561 ponentis
963 4507 984 4543 s.
1003 4490 1152 4557 Scripturas
1171 4490 1309 4555 interpres,

153 4567 262 4612 auctore
280 4560 326 4614 Dr.
345 4562 456 4614 flammeo
475 4560 595 4617 Clausen.
615 4563 730 4615 lisaniae
748 4510 825 4614 teti.
1055 4631 1103 4692 μ
