2834 4896
117 201 182 271 tta

117 416 127 427 -
200 377 231 439 2.
253 376 294 437 in·
309 376 562 458 impedimentum
584 376 765 440 invincibile
786 373 925 457 offendit,
946 376 978 438 si
998 377 1174 458 peucine,
1201 376 1352 459 anomala
1401 382 1409 493 2

115 470 189 527 arta
209 464 254 525 sit
273 462 353 540 fides
374 471 405 525 et
426 462 565 524 eeclesia
596 462 777 525 christiana
796 480 872 539 sna,
896 471 1019 539 sancta,
1040 462 1203 525 catlaliw
1224 472 1255 526 et
1275 481 1351 542 apa-
1407 504 1409 533 ,

115 551 241 623 staliea,
263 550 418 629 lepusque
453 550 652 629 arpanismns
684 550 918 630 sapientissime
940 549 1125 630 dispasim
1146 558 1180 612 et
1199 551 1235 611 in
1255 551 1353 629 speeie
1407 604 1409 609 .

115 636 278 716 sepiminis
297 634 404 714 farma
426 638 532 696 amnia
553 637 698 699 instituta
724 637 861 698 hnmana
881 636 977 714 inies
997 638 1123 715 pencris
1145 636 1239 716 lanpe
1260 654 1354 714 snpe-

116 723 221 787 rans?
242 719 372 783 Factam
393 723 453 783 laec
474 730 546 784 ante
569 725 705 784 emnium
728 723 838 784 aceles
858 724 996 800 pasitsm
1018 740 1118 802 nepes
1130 718 1203 785 nlla
1224 722 1356 800 artificia

815 806 1358 957 ,NJ

117 980 226 1057 meda,
247 997 375 1059 quaese,
402 982 499 1061 primi
520 979 638 1043 Christi
658 914 820 1057 Ξζιιειοσὶιιεε,
849 983 952 1043 names
969 938 1183 1060 praejudiciis
1206 913 1360 1061 00an

116 1074 160 1129 stt
179 1068 248 1144 ipse
269 1065 402 1130 Stranss
422 1066 576 1141 coneedit,
599 1064 740 1129 domines
769 1067 928 1143 radiaret,
951 1065 987 1126 id
1007 1065 1198 1147 effecissent,
1220 1067 1265 1128 ad
1285 1068 1363 1148 psal

122 1170 244 1215 semma
272 1153 399 1215 caltara
430 1153 543 1214 mentis
571 1152 727 1215 humanae
747 1156 935 1216 necessaria
953 1151 1078 1231 fnisset,
1099 1154 1164 1215 isne
1188 1155 1275 1234 qnod
1296 1153 1362 1232 elli-

120 1239 232 1302 cienda
246 1258 284 1300 ne
307 1239 535 1320 sapientissimi
556 1240 679 1319 quidem
701 1242 899 1321 antiquitatis
916 1238 1099 1321 pillosaplsi
1121 1247 1180 1301 ant
1202 1236 1363 1320 lepislata·

119 1343 176 1387 res
195 1343 292 1406 pares
325 1326 444 1387 erant?
482 1322 569 1386 linde
599 1335 767 1405 praeterea
795 1334 903 1391 mnne
931 1343 1023 1389 amar
1054 1324 1177 1388 Cleristi
1198 1325 1236 1387 in
1253 1328 1362 1406 primis

121 1411 193 1491 ejns
215 1411 360 1488 asseclis,
383 1420 489 1474 tentes
520 1429 628 1473 earnm
654 1415 688 1474 in
707 1412 886 1492 prafltcnda
915 1421 947 1475 et
971 1411 1188 1491 prepapanda
1216 1412 1279 1491 fide
1307 1431 1363 1474 sna

117 1497 321 1579 {erroreum
353 1515 475 1560 samma
502 1499 656 1561 modestia
677 1506 709 1560 et
729 1498 884 1561 claritate
905 1496 1119 1577 conjunctus?
1140 1532 1189 1545 -
1211 1497 1359 1578 l’rafmtc,

116 1585 154 1647 si
174 1584 270 1647 lesan
301 1602 366 1645 nan
394 1584 494 1647 alins¹
506 1582 633 1662 snismt,
660 1603 699 1647 ae
722 1586 845 1665 qualem
875 1603 945 1649 enm
965 1584 1098 1647 Sirenes
1120 1584 1189 1647 sibi
1209 1585 1362 1664 {inpium

120 1687 187 1732 nen
208 1671 276 1732 alia
295 1671 479 1750 perspisset,
507 1688 600 1750 qaam
629 1690 710 1753 qnae
732 1674 762 1734 ei
782 1671 921 1735 minere
940 1672 1065 1751 placet:
1087 1667 1219 1734 Gleristi
1240 1673 1272 1733 in
1289 1689 1357 1733 ern·

118 1772 190 1820 'cem
211 1759 277 1819 aeti
297 1757 457 1836 discipuli,
467 1765 573 1837 ntpate
595 1759 629 1819 in
651 1758 886 1837 exspectatione
908 1776 970 1821 saa
992 1757 1124 1837 decepti,
1146 1776 1282 1821 cansam
1299 1758 1357 1835 eins

117 1843 158 1905 in
178 1852 362 1923 perpetuam
381 1843 632 1924 derelinquentes
654 1845 794 1906 dolerem
816 1863 908 1906 mam
924 1846 958 1905 in
972 1852 1091 1906 remma
1112 1844 1257 1924 quadam
1269 1852 1362 1907 terrae

122 1930 239 2009 anpala
261 1930 537 1993 abscondidissent
552 1929 599 2005 *2
643 1929 720 1992 (lem
742 1939 845 1992 antem
866 1930 1017 2011 discipali
1037 1932 1198 2009 mapistre
1221 1949 1290 2005 sae,
1304 1936 1365 1991 atet

118 2017 423 2096 ipnaminiasissima
451 2018 560 2079 erneis
588 2017 746 2096 supplicia
778 2015 901 2097 affecta,
935 2024 1119 2097 constanter
1148 2018 1365 2092 adhaererent,

117 2118 242 2167 amnem
271 2121 363 2165 snam
392 2105 535 2183 spemin
558 2120 594 2165 ea
617 2103 1049 2183 collacareperseeernrent,
1071 2110 1194 2165 etnan
1230 2108 1365 2165 timentes

115 2191 381 2253 adcmsariaram
403 2190 478 2252 adia
499 2190 653 2269 intrepide
682 2190 909 2269 praedicarent
936 2186 1107 2266 Christum,
1135 2188 1277 2252 lndaeis
1296 2189 1366 2269 qni-

118 2277 193 2341 dem
213 2276 411 2353 scandalm,
426 2276 604 2357 pestilibus.
617 2286 721 2339 antem
742 2277 909 2339 stultitiam
919 2274 1003 2351 ’Ἣ
1019 2276 1084 2337 ima
1102 2274 1145 2337 ab
1168 2280 1258 2338 cmns'
1275 2276 1366 2356 lana·

117 2365 214 2427 tisma
236 2358 335 2425 alieni
351 2364 385 2426 in
405 2363 672 2440 confirmationem
691 2364 946 2443 praedicationis
967 2380 1047 2425 neae
1068 2363 1261 2443 sanpninen
1280 2379 1367 2425 ssnn

120 2448 289 2530 [tenderent
306 2446 410 2525 Μ).
441 2450 475 2511 in
497 2450 609 2531 aptiae
637 2458 696 2526 est,
730 2448 888 2511 Christum
918 2449 1015 2512 talem
1046 2466 1118 2511 esse
1140 2458 1173 2512 et
1194 2450 1277 2512 talia
1294 2466 1367 2530 per-

122 2538 216 2618 ficere
239 2536 384 2599 debetne
407 2553 516 2615 opera,
539 2537 649 2617 qualia
670 2539 704 2598 in
725 2535 910 2616 Ecanpeliis
932 2534 1157 2599 describentis·
1172 2540 1227 2612 t).

210 2648 305 2710 Hisce
327 2648 512 2727 'perpensis
547 2656 651 2728 patet,
683 2647 844 2710 Smanssii
874 2656 1013 2729 systema
1045 2646 1216 2729 mythicum
1245 2646 1366 2725 fictione

123 2735 193 2811 niti,
216 2742 247 2813 et
268 2736 375 2796 emnia
396 2733 466 2811 ejas
485 2731 594 2811 falcra
614 2752 679 2795 nan
700 2751 781 2811 esse,
803 2736 868 2795 nisi
888 2734 1091 2813 imapinaria,
1113 2750 1195 2817 qnae
1216 2733 1365 2795 historiae

124 2821 227 2884 ltalitn
260 2827 460 2899 evertantnr,
495 2828 587 2900 atqae
621 2820 774 2882 ecelesiae
805 2822 970 2883 existentis
991 2820 1073 2882 male
1094 2826 1317 2895 conternntnr,
1339 2825 1366 2879 et

116 2908 239 2971 '·laetam
258 2906 403 2986 facemns
424 2924 520 2987 spem,
531 2904 614 2985 fare,
629 2914 665 2969 nt
684 2925 749 2968 nan
771 2902 1248 2970 obstanttbaseintietristarsm
1268 2904 1366 2966 nastn'

117 2996 274 3075 'temperis
307 2994 416 3075 impiis
451 2992 618 3055 cananeas
650 3011 748 3055 saera
768 2992 943 3074 Eaenpelia
975 3010 1072 3073 aspne
1102 2992 1150 3056 ad
1168 3008 1364 3055 cansnmma·

123 3083 240 3145 tionem
269 3080 392 3143 saeeali
421 3077 566 3141 omnibns
589 3078 783 3141 Christianis
804 3098 877 3143 cere
899 3079 1018 3142 talibas
1040 3096 1137 3143 cerae
1159 3078 1312 3143 leistariae
1333 3093 1364 3139 ee

121 3168 197 3249 tldei
216 3166 292 3247 sans
308 3182 385 3229 esse
416 3173 631 3246 perseverent,
664 3165 738 3229 darn
759 3164 819 3229 illa
840 3183 925 3231 cana
947 3174 1122 3229 commenta
1144 3174 1205 3230 ast
1226 3166 1262 3229 in
1280 3162 1363 3247 pela-

162 3476 192 3544 s)
211 3473 263 3533 Gir.
282 3475 373 3529 Euseh
392 3454 751 3545 somonnramcmng.'-11t
768 3489 817 3529 nse
837 3474 862 3528 3.
881 3475 907 3527 5.
924 3475 951 3527 6.

117 3600 122 3609 ·
147 3576 193 3640 θ’)
210 3573 229 3627 Ι.
248 3572 309 3625 Gar.
329 3574 354 3638 1,
371 3571 415 3626 ts.

130 3668 192 3736 W)
210 3667 263 3721 cn.
280 3666 378 3720 Ensebss
394 3666 587 3720 lle-austrasie
606 3680 700 3734 enmg.
717 3663 759 3718 111.
777 3665 804 3719 6.

159 3767 191 3833 tp)
209 3763 352 3816 Memorem
370 3762 476 3830 dignum
493 3770 536 3814 est
551 3763 736 3825 testimonium,
755 3759 827 3830 quod
846 3759 880 3812 de
896 3758 960 3812 lesu
976 3758 1031 3812 las.
1042 3757 1115 3811 Flet.
1134 3754 1191 3811 stit
1208 3757 1316 3828 Antiqq.
1329 3754 1368 3807 lile.

210 3832 298 3886 xvllt.
317 3847 341 3883 c.
351 3830 377 3882 3.
394 3830 469 3883 n.3.=
487 3831 544 3901 ,Ea
564 3833 641 3883 etism
658 3839 777 3898 tempore
795 3830 844 3881 luit
859 3828 947 3894 lesus,
964 3829 1004 3880 vis
1020 3830 1137 3895 sapiens,
1154 3828 1281 3881 silemsis
1294 3829 1369 3878 visun

212 3917 273 3954 eum
292 3898 432 3969 appellere·
446 3899 485 3953 iss
504 3909 560 3964 θοις
584 3901 633 3952 luit
650 3902 719 3951 enim
736 3898 890 3953 mirabilium
908 3912 1017 3965 operum
1035 3897 1162 3964 effector,
1180 3900 1307 3967 magister
1323 3895 1369 3946 ha·

213 3973 319 4035 minum,
339 3968 383 4039 qui
400 3983 490 4021 verum
509 3986 568 4020 eum
585 3969 718 4037 voluptate
736 3970 876 4037 accipiunt,
893 3966 1041 4035 multosque
1054 3965 1181 4031 ludaeos,
1200 3966 1297 4019 multas
1314 3965 1370 4015 item

214 4040 327 4109 gentiles
346 4039 379 4091 sd
398 4053 428 4089 sc
446 4036 561 4105 pellexit
588 4039 636 4089 llic
654 4047 712 4090 eret
728 4037 854 4091 Christus.
881 4034 965 4099 Quem
984 4051 1043 4087 cum
1060 4034 1171 4099 Pilatus,
1192 4034 1227 4087 sb
1247 4036 1371 4088 hominum

174 4148 177 4153 -
213 4119 362 4162 nostrarum
381 4109 469 4176 primis
488 4105 611 4170 deletum,
630 4109 716 4159 crucis
734 4109 863 4175 supplicia
882 4105 1031 4168 addixisset,
1050 4120 1110 4156 eum
1119 4112 1210 4155 tsmcn
1224 4115 1371 4156 emesenae

214 4179 363 4246 desierunt,
389 4179 434 4246 qui
456 4178 566 4246 primum
590 4185 747 4229 amaverant
772 4177 900 4246 Appenni
922 4176 989 4226 enim
1013 4176 1051 4226 eis
1072 4175 1151 4225 tertio
1168 4172 1215 4225 die
1233 4173 1371 4233 redivivat,

216 4246 310 4299 divinis
333 4246 436 4299 vatibus
461 4256 489 4299 et
512 4247 578 4297 hsec
602 4252 629 4295 et
651 4244 721 4297 mille
745 4245 795 4298 clia
819 4246 853 4298 dc
872 4260 904 4296 eo
922 4242 1046 4295 miracula
1065 4242 1157 4293 effatis.
1183 4240 1209 4293 A
1239 4257 1273 4293 uc
1293 4241 1325 4293 sb
1344 4253 1372 4291 ea

216 4314 383 4367 denominata
402 4313 605 4369 Christianarum
622 4315 692 4365 natio
717 4314 792 4366 duret
810 4330 893 4383 usque
913 4313 944 4364 sd
964 4313 1033 4363 hune
1053 4311 1147 4363 diem.“
1167 4340 1201 4349 —
1249 4325 1284 4361 cc
1302 4309 1373 4361 testi-

216 4386 345 4447 manium,
370 4385 469 4436 etiamsi
494 4387 643 4436 contineret
666 4392 752 4450 partes
777 4382 963 4437 schristisnis
982 4381 1099 4446 additus,
1124 4389 1212 4433 umen
1231 4381 1259 4431 iu
1278 4391 1373 4446 genem

217 4452 311 4503 criticis
330 4452 505 4505 authenticum
522 4453 645 4516 habetur,
671 4460 697 4503 et
715 4452 807 4519 edicit,
831 4453 921 4507 lecum
944 4465 999 4503 non
1023 4450 1105 4505 luisse
1123 4448 1262 4519 culparem
1280 4449 1373 4502 dacte-

216 4533 283 4585 rsm,
301 4519 349 4572 ssd
366 4521 518 4575 mirabilium
535 4531 700 4592 patratorem.
