2834 4896
125 187 168 254 ie

124 364 338 444 quodcunque,
360 360 418 422 sed
438 361 568 421 nonnisi
589 358 649 421 boc
671 366 762 434 tenet,
778 356 861 438 quod
881 356 1006 438 ubique,
1021 358 1109 438 quod
1127 372 1261 440 semper,
1285 356 1368 442 quod

125 451 164 512 ab
188 448 333 511 omuibus
363 447 515 508 creditum
541 455 605 522 eat,
637 445 778 525 quodque
805 444 876 505 ideo
906 446 949 505 od
975 446 1126 524 oripinem
1156 448 1364 527 apostolicum

124 537 308 598 necessario
338 533 484 613 refertur.
537 532 627 607 Quod
658 531 694 606 b)
717 531 895 592 haereticos
928 533 1040 592 attinet
1076 532 1245 595 traditione
1279 554 1364 610 usos,

124 623 374 700 interropontus:
395 618 504 681 Nonne
527 619 661 680 bietorid
684 626 760 679 teste
783 635 809 678 s.
832 616 998 695 Scriptura
1033 635 1154 699 quoque
1177 620 1275 682 abusi
1296 628 1369 684 eunt

125 709 286 782 baeretici,
315 708 378 767 imo
410 714 441 767 et
461 699 717 777 diabolus‘(coll.
741 702 844 781 11114,
868 701 897 764 6.
922 720 990 764 enm
1013 700 1120 766 Psalm.
1144 702 1197 784 91,
1224 706 1274 769 11.
1301 706 1365 786 tt),

130 796 206 875 puin
228 793 306 855 baec
328 792 399 854 ideo
422 792 469 853 eit
487 791 690 870 repudianda
707 788 777 865 U?

701 1010 731 1078 s.
754 1003 806 1067 23.

198 1142 333 1206 Quomodo
352 1142 444 1192 dieitur
462 1156 554 1193 sensus
573 1140 606 1191 ad
625 1155 769 1207 supremam
792 1139 1009 1204 interpretationis
1026 1153 1141 1191 normam
1159 1130 1304 1194 inventus?

214 1286 343 1364 Sensus,
373 1286 427 1365 qui
451 1286 548 1362 juata
580 1300 758 1362 euprepium
791 1283 1038 1344 berneneuticae
1069 1286 1272 1365 principium,
1302 1286 1323 1347 i.
1345 1296 1366 1346 e:

125 1392 185 1454 per
205 1388 298 1435 umen
321 1371 476 1451 loquendi,
499 1371 654 1432 orationis
676 1387 791 1430 nonunt
813 1377 845 1431 et
864 1370 1075 1431 conditionem
1102 1371 1259 1451 loquentis
1281 1373 1366 1433 erui·

130 1469 199 1534 tur,
230 1477 286 1520 eeu
319 1459 417 1519 relate
446 1458 490 1518 ad
517 1475 543 1517 s.
565 1454 780 1534 Scripturant,
814 1457 867 1534 qui
896 1473 954 1534 ope
984 1457 1166 1536 regulorum
1197 1458 1371 1519 communit

130 1544 358 1624 interpretandi
383 1544 535 1621 principii
563 1542 660 1618 juata
690 1550 820 1602 utentem
853 1541 1006 1602 ecclesiae
1035 1545 1216 1617 incenitur;
1246 1558 1366 1619 nme,

131 1633 258 1709 taquam
280 1630 333 1690 ille
356 1637 411 1690 aut
433 1629 576 1704 literalis,
599 1636 656 1688 out
676 1628 1075 1706 prannuotico-bietoricue
1097 1629 1162 1691 dici
1183 1630 1274 1691 solet.
1314 1628 1369 1692 Aet

131 1724 244 1778 neutra
277 1717 388 1776 borum
420 1714 704 1776 denominationum
737 1723 791 1775 eat
822 1716 1086 1793 aptareperitur,
1109 1715 1288 1795 etquidem
1312 1733 1368 1778 non

131 1802 224 1884 prior,
248 1802 318 1882 quia
336 1801 422 1882 justo
453 1801 613 1881 angustior
635 1805 702 1875 est3
733 1799 845 1860 etenim
868 1804 906 1874 a)
924 1801 988 1879 jam
1012 1801 1042 1860 vi
1064 1802 1272 1883 etymologiae
1297 1818 1368 1864 sen·

132 1906 198 1950 snm
234 1887 422 1968 spiritualem
445 1886 684 1960 (sublimiorem)
713 1902 775 1946 non
809 1885 1056 1965 comprehendit3
1088 1887 1163 1949 dein
1183 1889 1225 1962 19·
1243 1890 1274 1949 vi
1298 1902 1368 1951 nsua

132 1973 278 2055 loquendi
300 1975 364 2054 jam
398 1973 534 2053 antiquis
562 1970 779 2051 interpretibus
810 1988 921 2033 sensus
951 1971 1057 2034 literae
1080 1990 1138 2035 seu
1160 1974 1290 2037 literalis
1312 1990 1369 2036 non

133 2060 306 2138 denotabat,
330 2060 388 2121 nisi
411 2078 490 2136 eum,
514 2059 565 2138 qui
587 2057 690 2119 verbis
713 2058 846 2138 proprie,
869 2058 1043 2120 immediate
1061 2066 1092 2121 et
1114 2061 1254 2142 proxime
1278 2059 1368 2123 intel-

35 2176 39 2183 ·
131 2146 220 2209 lectis
243 2148 333 2224 inest,
356 2146 399 2207 uti
422 2151 505 2227 patet
527 2164 544 2206 e
567 2144 734 2206 notissimis
758 2143 939 2206 versieulis:

372 2229 466 2280 Littera
483 2237 557 2297 gesta
575 2228 662 2293 docet,
682 2227 744 2295 quid
763 2227 863 2292 credas,
880 2228 1021 2297 allegoria3

374 2298 476 2350 Moralis
496 2298 556 2377 quid
576 2314 647 2365 agas,
667 2298 728 2366 quid
746 2313 845 2364 speres,
865 2299 1002 2366 anagogia.

220 2368 308 2444 Quod
342 2371 448 2433 attinet
481 2369 606 2431 alteram
630 2387 739 2430 sensus
763 2367 1017 2450 designationem,
1040 2368 1118 2430 haec
1140 2368 1278 2450 pluribus
1302 2369 1370 2433 ideo

132 2454 262 2539 placuit,
287 2457 356 2537 quia
389 2455 521 2533 indicat,
544 2456 694 2516 rationem
717 2453 887 2516 habendam
909 2451 991 2537 lesse
1025 2455 1183 2536 interpreti
1206 2462 1238 2518 et
1262 2456 1371 2520 condi-

133 2544 224 2605 tionis
246 2542 411 2623 loquentis,
436 2560 514 2621 quae
545 2541 725 2624 plerumque
748 2558 807 2621 ope
829 2539 975 2602 historiae
1009 2543 1216 2622 cognoscitur.
1261 2541 1371 2606 Sedsi

132 2631 164 2691 in
187 2647 297 2691 sensus
329 2624 575 2689 denominatione
607 2633 715 2688 cuncta
740 2633 891 2711 accurate
905 2627 1113 2707 exprimenda,
1137 2646 1215 2709 quae
1239 2629 1269 2690 in
1294 2629 1371 2692 illiue

133 2716 310 2777 inventione
345 2714 537 2776 observanda
562 2719 650 2791 sunt,
683 2731 722 2774 ne
745 2712 804 2774 hoo
837 2713 958 2793 quidem
980 2730 1091 2775 nomen
1114 2714 1242 2792 sufficit,
1261 2721 1294 2776 et
1316 2715 1371 2777 dici

132 2802 234 2882 potius
259 2800 403 2862 deberet:
426 2799 542 2864 Sensus
566 2798 1097 2882 grammatico-logico-bistorious;
1127 2819 1196 2863 nam
1219 2807 1256 2864 ut
1274 2820 1372 2868 vocae

132 2887 235 2950 bulum
264 2887 428 2950 historicus
468 2885 506 2948 ad
540 2885 746 2947 conditionem
777 2884 930 2965 loquentis
958 2886 1201 2968 respiciendam,
1236 2888 1278 2949 ita
1313 2906 1373 2951 vox

133 2974 347 3056 grammaticus
371 2973 408 3034 ad
432 2972 527 3034 solam
551 2990 626 3034 usus
648 2971 796 3051 loquendi
817 2972 1044 3054 indagationem
1067 2973 1211 3056 restringi
1233 2973 1325 3054 solet,
1344 2980 1373 3036 et

132 3059 277 3142 proinde,
310 3066 343 3120 ut
374 3059 462 3121 simul
495 3057 701 3141 investigandi
735 3065 897 3120 contextus
934 3059 1157 3140 exprimeretur
1189 3063 1372 3140 necessitas,

133 3145 306 3208 addendum
328 3144 429 3207 foret:
453 3145 582 3227 logicus.
618 3144 692 3207 Cum
714 3150 815 3207 tamen
837 3144 887 3206 illa
910 3144 1118 3208 denominatio
1137 3146 1228 3227 juxto
1251 3147 1373 3231 longior

135 3233 189 3311 sit,
224 3234 331 3312 optior
363 3241 412 3294 eet
443 3233 541 3294 lioec:
570 3232 689 3294 Sensus
722 3232 1040 3311 historico-topicam
1074 3234 1161 3294 sicut
1192 3236 1275 3294 enirn
1312 3252 1373 3296 coa

134 3318 309 3381 historicae
327 3320 438 3394 innuit,
462 3336 592 3379 aeneum
621 3322 779 3380 incentum
801 3326 865 3380 nin
885 3320 959 3379 usui
993 3319 1148 3398 loquendi,
1171 3328 1236 3381 tum
1258 3321 1374 3383 condi-

135 3406 213 3466 tioni
236 3405 392 3485 loquentia
413 3405 615 3485 remandent,
638 3408 798 3484 quianon
821 3412 940 3466 tanntnt
963 3404 1050 3482 baec,
1068 3405 1126 3466 aed
1147 3406 1241 3467 ctione
1263 3396 1320 3489 ilie
1342 3407 1375 3467 in

136 3489 283 3570 operibus
316 3486 432 3552 saltent
460 3492 600 3570 antiquis
633 3499 663 3551 et
685 3490 793 3569 tinpua
826 3493 968 3553 emortua
999 3492 1142 3552 caeratis
1172 3510 1212 3552 ec
1241 3492 1375 3554 historia

135 3578 353 3657 copuoecitnr:
384 3579 431 3638 ita
460 3575 618 3656 epitheton
647 3577 769 3655 topicae
800 3576 928 3652 induat,
958 3585 1125 3638 contentus
1147 3595 1270 3657 qnoque
1292 3580 1375 3653 rati-

134 3681 224 3724 ouen
247 3681 317 3724 esee
339 3662 484 3725 babitans.
528 3654 739 3743 lianc'itaque
760 3678 871 3723 sensus
895 3661 1140 3744 designationem
1173 3663 1375 3742 servabimus,

168 3903 196 3971 '³
219 3894 812 4039 tterll“no‘atellei-,burnel
833 3886 1376 4024 {natarat‘illiniunt

221 4040 271 4094 alu
291 4036 422 4092 s'Suhlbr.

272 4054 344 4160 {sabb
364 4109 569 4162 dissertationem
587 4101 687 4159 finimus
715 4122 773 4158 cum
792 4100 831 4162 Ol.
850 4096 936 4160 ll'lalbu
959 4107 1095 4159 dicentest-
1110 4104 1236 4173 „Portonr
1259 4104 1377 4173 toujours

223 4176 380 4230 danr¹noti⁴e
398 4192 492 4243 coenr,
512 4180 534 4230 si
551 4192 617 4229 nous
635 4192 669 4228 ne
687 4176 713 4227 le
732 4182 839 4244 pontons
864 4193 910 4244 pas
938 4176 1054 4240 toujours
1083 4193 1127 4229 sur
1149 4193 1198 4228 nos
1222 4176 1327 4240 lauret,
1346 4191 1378 4228 ce

223 4249 260 4299 cri
284 4250 400 4313 puissant
423 4248 499 4299 d'une
518 4250 575 4299 ame
601 4249 727 4298 vraiment
753 4245 912 4313 catholique:
939 4244 1062 4297 Osainte
1084 4236 1182 4314 figline,
1201 4262 1243 4298 ma
1261 4247 1334 4298 mere
1351 4253 1379 4296 et

222 4332 283 4367 mon
301 4319 411 4380 soutien,
430 4333 481 4385 que
500 4332 541 4367 ma
559 4317 626 4366 main
645 4313 726 4365 droite
745 4329 774 4366 se
793 4314 931 4380 dessbche‚
945 4316 967 4364 si
981 4314 1010 4379 je
1029 4330 1105 4367 cesse
1119 4315 1212 4380 jamnis
1231 4315 1265 4366 de
1284 4323 1311 4367 te
1329 4313 1377 4365 di·

224 4384 329 4436 iendre!
348 4385 404 4447 Quo
423 4400 464 4436 ma
481 4383 524 4435 lan
544 4399 577 4434 ue
595 4382 718 4434 s'attacbe
737 4384 753 4435 a
770 4399 830 4434 mon
849 4383 939 4451 pelais,
951 4385 973 4434 si
987 4383 1016 4449 je
1037 4399 1113 4436 cesse
1128 4383 1221 4449 jamnis
1240 4384 1275 4436 de
1294 4383 1378 4436 chan-

222 4462 263 4504 ter
279 4461 319 4504 tes
343 4452 482 4522 louanges!
516 4400 572 4516 due
590 4465 651 4503 mon
669 4467 750 4502 coeur
768 4466 842 4503 cesse
862 4451 894 4504 de
912 4452 995 4505 battre
1013 4453 1078 4509 daus
1096 4468 1138 4507 ma
1156 4454 1277 4527 poitrine,
1296 4450 1377 4519 sija·

224 4523 288 4574 mair
302 4521 331 4589 je
348 4521 485 4576 ιὀιὼὶίοῑ1
511 4519 559 4596 Op.
578 4523 620 4572 eit.
640 4529 700 4575 torn.
719 4521 737 4573 1.
756 4536 816 4595 pag.
836 4519 894 4580 121.
