2834 4896
85 186 160 257 q,

83 359 256 431 etuuimae
277 355 551 431 immortalitatem}
584 374 642 438 per
670 354 865 420 sacerdotem
893 359 928 418 et
947 353 1135 418 levitam*
1165 353 1273 439 legem
1289 360 1316 419 st

83 446 247 529 prophetas
253 465 262 520 ;
294 461 351 525 per
372 443 591 508 Samaritanum
614 442 854 506 misericordem.
868 476 910 488 -
929 441 1044 504 iesum:
1060 440 1237 518 cathmus
1252 464 1255 471 ·
1269 446 1318 525 per

84 532 184 595 oleum
208 538 239 594 et
260 531 363 592 vinum
380 567 419 576 —
433 530 520 591 mites
544 536 576 591 et
597 546 726 591 severos
750 529 861 591 Christi
883 545 1061 602 sermones;
1084 528 1319 609 perjumentun

83 653 126 665 -
149 635 262 700 corpus
286 615 414 694 Christi,-
431 622 464 678 ot
486 631 542 694 per
563 615 727 697 hospitium
747 614 967 678 -ecolosiam
987 613 1187 676 christianam
1210 615 1321 677 intelli-

83 709 215 786 gerent,
247 700 440 783 proindeque
469 707 564 763 totam
594 700 769 782 parabolam
799 700 967 782 allegoriae
994 700 1091 761 instar
1120 707 1321 780 exponerent,

83 789 292 851 conditionem
315 805 353 849 ao
367 793 481 849 sortem
503 785 654 849 humanae
676 792 804 850 naturae
827 785 1020 863 delineantis,
1033 785 1175 865 mannum
1191 785 1322 850 Christus

85 881 147 937 tum
168 874 315 953 temporis
337 872 395 934 hac
418 871 458 935 de
481 890 516 934 re
539 873 662 935 minime
684 872 855 956 cogitaret,
888 873 933 935 uti
955 871 1080 934 occasio
1112 877 1145 934 et
1169 872 1323 936 conclusio

85 958 335 1023 clareostondit.

168 1044 217 1125 Ad
240 1046 275 1120 h)
300 1045 331 1107 Si
355 1044 423 1126 quis
445 1043 603 1106 historiam
634 1044 682 1116 de¹
696 1043 814 1107 Lazaro
836 1049 977 1122 mortim,
1006 1043 1039 1105 in
1054 1041 1241 1124 ‚sepulchro
1267 1044 1323 1126 jen

83 1130 260 1209 recondito,
290 1129 405 1193 taciem
440 1130 565 1193 sudario
587 1129 755 1194 involutam
775 1130 937 1213 pedesque
957 1129 1070 1211 ligatos
1100 1127 1262 1208 habente,
1294 1129 1325 1201 ad

87 1217 197 1279 Christi
220 1224 328 1295 uocem
350 1233 426 1278 vero
449 1217 481 1278 in
502 1216 594 1278 vitam
615 1223 763 1280 revocato
787 1215 956 1300 explicaret
967 1215 1007 1278 de
1018 1220 1200 1297 peccatore,
1211 1216 1246 1278 in
1256 1233 1324 1298 pro·

87 1302 212 1365 landum
234 1303 400 1382 iniquitatis
422 1302 577 1380 immerso,
596 1310 698 1366 mente
720 1321 846 1385 prorsus
869 1303 1043 1373 obcaecato
1065 1306 1098 1364 et
1118 1302 1325 1383 perversitatis

84 1389 422 1471 quasl'·manoipio,per
442 1388 624 1471 religionem
647 1396 748 1451 summ
771 1389 808 1452 a'd
830 1387 1075 1470 resipiscentiam
1097 1393 1130 1450 et
1145 1387 1280 1470 proinde
1300 1387 1325 1450 in

83 1468 195 1555 potam
218 1475 310 1534 vitam
333 1473 520 1554 spiritualem
547 1474 734 1537 reducendo.

89 1566 103 1599 ²·
132 1634 135 1639 Ι
173 1560 266 1622 Juxta
289 1565 379 1622 notos
401 1559 470 1622 illos
491 1560 682 1624 versiculos:
703 1559 804 1625 Litcra
828 1565 917 1643 gesta
939 1558 1032 1622 docet
1054 1565 1113 1622 etc.
1131 1576 1251 1623 sensus
1265 1577 1325 1641 mp-

84 1638 189 1708 sticns'
204 1644 346 1708 dividitur
366 1645 398 1708 in
421 1646 635 1728 allegoricum,
654 1646 801 1710 moralem
824 1664 881 1709 seu
905 1645 1130 1729 tropologicum
1155 1653 1188 1708 et
1211 1662 1325 1730 anago-

83 1731 196 1813 gicum,
220 1738 311 1813 prout
333 1739 384 1793 aut
394 1730 544 1795 Christum
568 1734 697 1814 ejusque
720 1732 885 1796 ecclesiam
906 1732 1093 1810 militantem,
1106 1737 1160 1795 aut
1182 1730 1323 1795 veritates

85 1817 218 1899 morales
240 1824 272 1880 et
294 1817 413 1896 cilicia,
449 1818 611 1880 nutritam
645 1818 777 1881 futuram
800 1818 955 1900 objectum
981 1816 1090 1894 hahet3
1126 1834 1186 1881 seu
1208 1818 1324 1901 paucis:

83 1901 270 1985 allegoricus
295 1903 397 1981 edicit,
421 1905 473 1984 qui
495 1905 585 1966 nobis
608 1906 649 1967 sit
671 1903 1110 1987 credendum3tropologicus,
1128 1904 1206 1987 quid
1229 1923 1325 1988 agen-

84 1987 176 2066 dum3
199 1991 407 2073 anagogicus,
440 1991 512 2070 qnid
543 1990 728 2072 sperandum
751 1997 802 2054 aut
824 2008 886 2072 quo
908 1988 1106 2054 tendendum.

545 2238 549 2245 .
648 2201 679 2271 s.
704 2195 778 2261 121.
843 2152 846 2157 ’

86 2327 152 2392 Quid
176 2327 210 2380 de
233 2328 483 2396 interpretationes.
504 2328 652 2396 Scripturas
679 2331 786 2396 mystica
809 2330 836 2381 in
854 2344 954 2398 genere
981 2329 1144 2383 censendum
1162 2331 1205 2397 sit,
1224 2338 1251 2383 et
1268 2317 1325 2400 quid

479 2399 505 2450 in
524 2398 581 2463 ejus
599 2415 649 2451 usu
672 2398 885 2454 ohremantumt
900 2399 931 2465 ⁴)

118 2588 121 2595 ,
167 2557 200 2620 S.
224 2558 416 2637 Scripturas·
431 2561 650 2623 translationem
671 2561 836 2640 mysticam
856 2561 891 2623 in
903 2578 1017 2640 genere
1037 2559 1212 2640 rapnidim
1235 2559 1323 2627 valde

86 2645 285 2705 temerarium
304 2643 413 2723 foret,·
434 2663 508 2705 nam
1210 2704 1213 2711 ,

172 2730 200 2790 1.
224 2729 459 2790 consmsndatur
493 2749 554 2791 urso
583 2732 792 2809 plurimorum
822 2749 866 2793 ss.
890 2731 1021 2795 Patrem
1055 2739 1086 2795 et
1114 2732 1327 2814 theologorum

84 2813 335 2877 clarissimorum
356 2834 455 2894 usque
479 2817 523 2878 ad
543 2818 667 2880 initium
689 2818 812 2880 saeculi
835 2817 1220 2897 lapsietfundameutum
1241 2839 1328 2881 suum

84 2896 179 2963 babet
199 2902 233 2963 in
252 2903 481 2980 persuasione,
517 2904 694 2966 carnunto
717 2903 812 2967 hocce
834 2912 943 2966 creato
963 2905 1168 2984 resplendere
1190 2907 1327 2985 glorian

85 2985 371 3063 Creatoristllom.
399 2987 426 3064 l,
452 2987 624 3064 18-20.);
658 2990 801 3052 ominbus
822 2990 918 3053 rebus
939 2992 980 3053 iu¹
996 2992 1136 3070 sphaera
1157 2992 1328 3055 visibilium

83 3075 274 3151 respondere
294 3074 417 3153 aliquid
438 3076 472 3135 in
494 3094 591 3154 regno
614 3076 830 3153 invisibilium,
843 3084 874 3139 et
894 3077 1161 3157 quemadmodum.
1175 3079 1213 3140 in
1235 3078 1328 3141 ostesi

84 3177 247 3239 synagoga
269 3159 414 3235 eeclesia,
427 3162 461 3221 in
483 3162 548 3240 ispe
571 3179 609 3222 ao
629 3163 794 3242 prophetis
805 3162 890 3228 bona
911 3164 1118 3227 oeconomiae
1134 3163 1327 3227 christianos

83 3255 174 3307 erant
193 3246 427 3324 praefigurata:
450 3247 498 3309 ita
519 3254 551 3309 et
570 3245 788 3328 inlioanpelio
811 3249 969 3311 contineri
990 3249 1135 3312 umbram
1157 3252 1325 3330 mysterio·

82 3349 153 3391 rum
175 3330 292 3392 Christi
315 3339 344 3393 et
365 3333 450 3393 citae
469 3331 610 3411 futurae.
653 3333 747 3394 Fides
770 3343 875 3396 autem
895 3334 973 3399 haec
995 3353 1061 3397 non
1081 3344 1130 3397 est
1151 3355 1252 3414 oona
1274 3335 1326 3398 ssd

84 3418 265 3479 auctoritati
285 3416 363 3479 Jesu
385 3426 417 3481 et
436 3415 660 3496 Apostolorum
689 3419 850 3493 subnina;
884 3420 997 3484 etenim
1023 3421 1088 3502 jam
1117 3422 1278 3501 parabolis
1298 3427 1325 3483 et

84 3500 328 3571 similitudinibus
352 3501 462 3564 Christi
485 3521 504 3564 e
526 3522 629 3568 rerum
651 3507 759 3569 natura
782 3505 930 3574 desumtis
952 3507 1061 3570 subest
1082 3505 1164 3586 idea,
1183 3507 1277 3588 quod
1296 3507 1324 3569 in

82 3592 191 3647 natura
214 3590 326 3666 evenit,
348 3588 511 3670 imaginem
535 3606 607 3653 esse
630 3592 791 3653 veritatum
814 3592 930 3654 altioris
953 3591 1082 3655 ordinis.
1105 3591 1157 3655 Sic
1179 3591 1325 3656 Dominus

83 3672 131 3734 bo.
154 3670 205 3753 15,
231 3671 257 3732 1.
282 3689 370 3753 seqq.
394 3675 574 3738 relationem
597 3676 667 3738 vitis
690 3676 730 3739 ad
752 3677 894 3758 palmites
928 3679 1059 3759 typicam
1093 3678 1175 3741 sistit
1197 3695 1326 3760 reprae-

83 3757 290 3823 sentationem
313 3758 481 3839 relationis,
505 3779 585 3841 quae
607 3764 688 3826 inter
710 3781 764 3842 se,
797 3776 903 3825 veram
925 3765 1037 3843 ritem,
1071 3770 1104 3827 et
1125 3763 1238 3827 fideles
1271 3762 1325 3828 sihi

82 3843 236 3928 palmitum
258 3843 356 3905 instar
376 3844 510 3910 insertos
532 3847 634 3910 locum
655 3846 784 3922 habeat;
814 3848 977 3931 praeterea
997 3849 1073 3913 Luc.
1100 3849 1163 3929 22,
1196 3849 1246 3916 16.
1268 3867 1322 3931 pa-

84 3929 159 4001 scha
181 3927 367 4012 implendum
390 3947 462 3994 esse
484 3931 559 3996 dicit
590 3933 623 3996 in
652 3952 752 4017 regno
773 3933 851 4012 Dei,
886 3934 989 3998 stlta
1013 3934 1064 4013 26,
1100 3934 1153 3999 29.
1177 3943 1323 4000 terrestre

83 4016 227 4098 genimen
248 4016 318 4078 vitis
342 4016 512 4098 symbolum
535 4018 671 4082 declarat
700 4021 763 4083 vini
795 4020 868 4084 novi
895 4021 927 4084 in
949 4037 1049 4104 regno
1073 4020 1170 4083 Patris
1201 4022 1252 4085 sui
1274 4021 1324 4083 bi-

83 4100 175 4166 hendi
197 4100 268 4179 (cir.
289 4103 342 4166 Mt.
364 4101 395 4182 8,
422 4102 472 4168 11.
493 4102 590 4185 Apes.
614 4104 645 4185 t,
669 4106 720 4169 16.
745 4104 795 4169 li.
818 4110 940 4190 graec.)
973 4141 1017 4154 -
1058 4105 1090 4170 S.
1113 4105 1228 4171 Paulus
1249 4109 1281 4171 in
1302 4103 1323 4168 l.

86 4260 259 4281 ἰι-κω*
269 4273 385 4284 ι--υκρη

64 4450 67 4455 ¹
103 4334 150 4431 Δ*1
168 4361 420 4486 (ZipithkSpholzd
436 4366 525 4488 AUiher
541 4366 594 4487 ddie
621 4338 934 4490 mpstipchshssphphrppg
959 4371 1008 4452 der
1032 4370 1094 4424 hail.
1112 4368 1219 4436 Schrilt,
1242 4370 1327 4454 ,deren

172 4442 431 4560 assate,
448 4451 623 4575 suetus
638 4451 764 4576 ns,
782 4446 806 4560 t.
819 4439 1129 4581 assusatus
1146 4440 1189 4553 ‘¹³‘
1205 4440 1326 4553 tu
