2834 4896
438 442 1022 557 Praelatio

549 612 718 693 editionis
758 616 908 718 primae.

232 957 338 1077 Cum
357 990 428 1073 huc
448 994 525 1098 ipsa
546 1004 666 1073 aetate
685 992 809 1098 plures
836 992 1059 1074 emditomm
1090 988 1352 1076 catholicorum

106 1110 258 1217 prodire
300 1112 455 1192 iecerint
498 1136 610 1216 opera
652 1112 937 1216 hermeneutica,
969 1138 1063 1220 quae
1094 1116 1204 1195 multa
1237 1140 1353 1221 prac-

108 1234 210 1312 clare
251 1242 445 1337 praecepta
485 1230 595 1311 modo
638 1234 772 1337 cuique
813 1236 960 1338 proprio
991 1238 1191 1336 continent,
1222 1237 1353 1315 mirum

107 1352 228 1429 videri
251 1363 391 1455 posset,
410 1376 546 1431 novum
577 1350 752 1456 publicari
773 1351 881 1458 hujus
912 1354 1063 1457 generis
1095 1352 1276 1454 libellum3
1295 1362 1354 1435 ast

108 1495 221 1575 quem
242 1494 315 1549 non
346 1470 445 1574 latet,
466 1474 501 1551 in
524 1470 591 1549 illis
622 1474 750 1575 partim
775 1494 849 1551 non
880 1471 1055 1574 exhiheri,
1072 1476 1141 1552 nisi
1172 1474 1353 1553 elementa

108 1590 407 1668 hermeneuticae
458 1612 609 1693 sacrae,
660 1593 788 1694 partim
833 1593 1105 1693 systematicum
1151 1590 1353 1673 desiderari

108 1707 299 1787 ordinem:
340 1707 399 1786 hic
440 1709 635 1788 editionem
677 1709 753 1789 lors
795 1709 984 1789 excusabit
1024 1711 1213 1815 opusculi,
1245 1712 1352 1816 cujus

108 1838 240 1906 auctor
265 1828 322 1906 illa
353 1825 580 1907 incommoda
611 1851 818 1930 removere,
839 1831 968 1932 sicque
989 1828 1035 1908 ad
1057 1829 1353 1910 herrneneutioae

107 1945 267 2026 biblicae
309 1946 585 2049 perfectionem,
617 1957 655 2025 et
684 1957 821 2025 rectam
861 1948 956 2025 sacri
987 1945 1136 2028 Codicis
1167 1951 1353 2052 interpro-

109 2069 284 2144 tationem
325 2065 439 2144 lineas
488 2066 680 2144 nonnullas
731 2065 869 2146 addere
909 2064 1057 2147 studuit.
1130 2064 1236 2161 Quod
1280 2088 1352 2171 qua

106 2188 251 2263 ratione
283 2184 454 2263 ellectum
485 2186 544 2287 sit,
576 2187 705 2289 paucis
736 2208 907 2264 enarrare
934 2185 1086 2291 juvabit.
1132 2171 1237 2265 lnitio
1269 2187 1353 2265 anni

107 2303 319 2383 scholastici
354 2301 481 2383 1833.
513 2302 559 2382 ab
590 2302 823 2408 Amplisslmo
854 2302 899 2383 D.
931 2302 1101 2409 Adolpho
1123 2302 1353 2410 Koppmann,

107 2435 185 2501 tum
217 2420 390 2526 temporis
421 2426 629 2527 praeposito
660 2445 744 2501 meo
776 2420 908 2502 dilecto
930 2424 1008 2523 (cui
1032 2424 1124 2503 levis
1150 2426 1197 2503 sit
1227 2434 1353 2503 tumu-

109 2544 168 2621 lus
183 2542 226 2643 l),
258 2565 281 2619 e
313 2566 398 2619 cura
440 2545 637 2621 animarum
677 2543 768 2620 intra
810 2542 956 2620 claustri
996 2553 1100 2645 septa
1141 2552 1351 2645 revocatus,

109 2673 152 2741 ut
182 2661 290 2739 studii
321 2660 441 2739 biblici
472 2659 516 2740 N.
547 2659 589 2740 Τ.
621 2662 769 2740 lectoris
799 2673 922 2764 partes
954 2659 1093 2741 obirem
1123 2664 1159 2741 in
1190 2664 1351 2740 instituto

110 2781 223 2859 theol.
265 2780 467 2858 domestico
510 2778 694 2859 Canoniae
736 2778 921 2885 'l'eplenae
967 2803 1099 2858 recens
1145 2791 1283 2881 erecto,
1314 2782 1351 2857 in

113 2899 421 3003 praelectionibus
452 2903 543 2978 meis
575 2923 665 2977 usus
691 2924 772 2977 sum
803 2899 1073 2978 bennenentica
1104 2897 1234 2978 biblica
1257 2923 1276 2976 a
1298 2896 1355 2977 (ll.

111 3018 308 3097 Altmanno
325 3017 475 3120 Arigler
496 3018 604 3118 edita,
620 3017 665 3095 ab
686 3020 825 3097 eximiis
848 3028 968 3095 autern
987 3021 1088 3119 viris,
1106 3017 1168 3102 [ΥΞ
1184 3015 1355 3120 Adolpho

112 3138 327 3240 lloppmann
359 3140 524 3239 primum,
547 3137 631 3215 dein
662 3135 730 3218 D'l·
751 3134 978 3215 Wenceslao
1000 3134 1159 3215 llozelha
1192 3139 1355 3240 scripto-

111 3270 220 3335 tenus
246 3256 449 3358 emendata,
471 3268 508 3333 et
528 3280 660 3334 usuum
691 3255 981 3334 academicorum
1005 3254 1213 3357 indigentiis
1235 3256 1352 3357 aptius

112 3374 396 3453 accommodata.
438 3376 687 3478 Quaecunque
715 3376 790 3479 jam
820 3398 889 3477 per
919 3375 1114 3451 decursum
1146 3373 1354 3477 quindecim

113 3517 290 3571 annorum
329 3504 392 3571 aut
432 3496 467 3572 in
500 3494 597 3572 libris
635 3495 728 3598 juris
773 3492 906 3598 publici
951 3492 1077 3595 iactis,
1116 3502 1179 3573 ant
1210 3494 1354 3597 propria

113 3612 372 3691 observatione
413 3638 502 3692 vera
544 3614 715 3718 utiliaque
756 3615 892 3713 inveni,
933 3611 1063 3690 sedulo
1101 3612 1283 3714 adnotavi,
1314 3620 1355 3690 nt

113 3732 193 3809 lieri
236 3731 342 3832 surlet,
385 3735 421 3811 in
462 3736 606 3835 scriptis
648 3735 752 3834 meis,
798 3754 892 3835 quae
934 3732 1017 3809 ideo
1051 3734 1242 3835 quotannis
1274 3730 1354 3813 lere

114 3850 232 3951 aliam,
264 3861 302 3926 et
333 3850 477 3930 demum
509 3877 588 3930 eam
621 3850 770 3930 formam
802 3861 907 3929 nacta
938 3861 1035 3953 sunt,
1074 3875 1180 3955 quam
1212 3848 1354 3928 libellus

114 3969 174 4046 hic
220 3982 482 4070 repraesentat.
555 3971 709 4048 Sincera
759 3973 870 4074 igitur
917 3994 1037 4073 eoque
1083 3982 1188 4071 mato
1236 3968 1355 4047 fateor

113 4090 247 4189 animo,
280 4112 337 4165 me
369 4088 697 4193 superaedificasse
738 4112 851 4192 super
892 4088 1160 4195 fundamentum
1197 4090 1353 4189 positum

113 4232 135 4284 a
166 4208 254 4289 vinis
285 4230 369 4286 mox
399 4208 564 4311 laudatis,
597 4232 668 4286 neo
699 4232 785 4310 non,
811 4207 908 4312 quod
939 4232 1048 4285 nemo
1079 4206 1263 4284 mirabitur
1293 4215 1354 4284 aut

115 4348 232 4427 aegre
264 4325 370 4429 leret,
402 4352 507 4406 nsum
539 4351 625 4405 esse
667 4328 839 4430 operibus
881 4326 1162 4404 bennenenticis
1194 4327 1355 4429 antiqui-

115 4444 242 4523 oribus
273 4468 317 4522 ac
347 4447 625 4550 recentioribus,
642 4445 936 4551 ephemeridibus
967 4444 1198 4550 theologicis,
1221 4467 1355 4523 mono-
