2834 4896
111 121 178 165 nem
200 106 353 187 passivam
376 110 627 193 exprimentium
649 107 843 173 nihilominus
865 112 965 169 nmen
987 103 1098 168 adsunt
1119 109 1213 171 verba
1236 110 1267 172 in
1290 134 1342 189 poi

108 192 276 271 terminata,
310 212 392 275 quae
421 200 545 279 passivo
576 195 748 281 significatu
777 210 840 256 non
874 193 1019 275 gaudent.
1064 193 1107 255 lta
1143 196 1234 258 etiam
1270 196 1343 260 licet

104 279 295 358 praepositio
324 276 403 341 uari
437 302 505 346 cum
539 283 716 347 accusativo
747 284 922 341 constructa
953 295 1049 361 saepe
1078 278 1206 343 denotet
1228 282 1343 363 aliquid

104 378 177 423 csse
200 364 251 425 vel
273 363 339 426 fieri
365 365 453 447 juxta
484 369 614 451 aliquid:
645 374 746 429 lamen
779 364 941 446 expressio
971 360 1050 425 narei
1082 367 1251 426 diocaeses
1280 377 1342 444 (sc.

102 443 289 527 εὐαγγέλιον)
312 452 399 514 aliam
422 454 514 517 babet
536 455 799 538 significationem,
823 436 949 512 denotat
970 468 1080 533 nempe
1103 458 1272 529 auctorem,
1297 456 1340 518 ita

101 540 134 595 ut
155 535 249 597 simul
270 537 386 615 innuat,
408 540 488 602 idem
512 547 722 623 argumentum
745 556 762 599 a
785 536 920 618 pluribus
953 536 1049 598 literis
1073 555 1145 600 esse
1169 545 1340 620 tractatum,

100 637 158 681 seu
182 639 200 682 a
223 620 360 703 pluribus
383 624 449 687 aliis
471 627 638 709 Evangelia
662 643 734 687 csse
757 623 939 701 conscripta.
984 622 1106 697 Quodsi
1125 642 1201 685 sero
1224 627 1340 688 anoto-

98 706 153 784 gr'a
174 724 243 769 non
265 719 382 770 certam
401 714 533 791 praebet
562 713 825 792 significationem
857 727 968 792 cocum
990 718 1021 770 et
1039 709 1260 788 formularum,
1283 713 1343 774 sed

98 794 233 854 muniri
249 795 466 873 probabilem:
485 819 564 861 asos
587 800 656 878 ejas
678 815 743 857 raon
765 804 821 871 est,
843 794 909 855 nisi
929 793 1152 856 subsidiarias.
1196 795 1341 861 Attamen

98 875 187 938 tosa
219 897 313 941 secas
344 890 437 963 aigae
467 885 654 965 etymologia
684 900 807 961 semper
838 888 887 940 est
907 882 1126 959 respicienda;
1157 880 1340 945 sicutenim

99 962 237 1043 cujusvis
259 964 333 1029 laeti
354 969 468 1031 veritas
490 970 580 1031 valde
603 970 714 1030 linnari
746 972 899 1041 censetur,
931 967 957 1026 si
991 965 1029 1026 ad
1052 967 1223 1028 testimonia
1248 971 1339 1031 etiam

96 1046 239 1111 internae
273 1057 336 1113 tum
370 1055 591 1135 possibilitatis,
623 1061 684 1116 tum
713 1052 934 1134 probabilitatis
966 1057 1057 1113 notae
1089 1052 1259 1115 accedunt:
1295 1057 1336 1117 ita

98 1132 189 1195 etiam
225 1135 420 1218 significatio,
451 1159 531 1221 quae
561 1159 618 1223 per
650 1159 738 1201 usum
767 1137 914 1220 loquendi
958 1140 1168 1219 cognoscitur,
1198 1140 1336 1203 nonnihil

99 1219 219 1282 roboris
255 1229 287 1284 et
315 1224 475 1305 plurimum
506 1227 583 1289 lucis
606 1226 803 1302 nanciscitur,
835 1223 864 1286 si
891 1223 1052 1305 analogiae
1076 1231 1107 1286 et
1130 1227 1337 1307 etymologiae

99 1303 223 1387 liuguae
248 1325 423 1391 congruere
445 1312 634 1394 intelligitur.
678 1313 741 1373 lma
764 1311 790 1372 si
813 1308 888 1372 satis
905 1308 1064 1371 manilesta
1088 1317 1136 1371 cst
1158 1328 1337 1393 congruen-

96 1389 136 1452 tia
158 1392 394 1475 significationis
416 1398 467 1460 vel
496 1399 613 1480 primae
650 1416 718 1460 cum
749 1397 968 1458 elementorum
991 1397 1077 1457 vocis
1100 1402 1264 1478 potestate,
1288 1399 1338 1460 vel

96 1478 301 1543 secundariae
325 1483 364 1544 ob
386 1500 489 1545 rerum
512 1484 699 1561 affinitatem,
724 1489 755 1544 et
776 1482 955 1563 praeprimis
978 1482 1004 1543 si
1028 1488 1132 1543 certae
1153 1481 1269 1545 termae
1286 1484 1337 1546 rel

94 1560 247 1629 formulae
269 1568 453 1649 significatio
476 1568 611 1632 firmatur
633 1586 802 1650 permagno
837 1566 977 1629 similium
1001 1566 1166 1629 lormarom
1190 1576 1242 1629 aut
1265 1568 1333 1630 lor-

94 1650 253 1729 mularum,
285 1654 393 1716 eadem
428 1662 581 1736 potestate
612 1655 817 1737 gaudentium,
841 1670 978 1727 numero,
1001 1654 1041 1713 ita
1064 1660 1097 1714 ut
1119 1654 1168 1714 vel
1203 1673 1331 1734 paucae,

93 1737 142 1798 vel
164 1754 294 1818 prorsus
316 1740 417 1803 nullae
440 1741 541 1803 adsint
565 1743 786 1822 exceptiones:
817 1745 929 1800 tantam
962 1739 1112 1818 ejusmodi
1147 1740 1330 1819 significatio

94 1838 133 1884 ex
163 1824 352 1907 etymologia
375 1833 407 1888 et
428 1827 569 1910 analogii
604 1828 727 1910 cognita
756 1822 999 1906 probabilitatem
1030 1827 1190 1904 acquirere
1214 1832 1330 1906 potest,

94 1914 126 1968 ut
147 1927 165 1970 a
190 1910 373 1973 certitudine
385 1930 490 1993 parum
502 1914 590 1992 absit,
603 1920 697 1995 utque
708 1912 948 1974 testimoniorum
966 1908 1118 1972 delectum
1141 1918 1330 1992 compenset.

178 1994 400 2059 corollarium.
445 1998 546 2073 Quum
575 2019 653 2061 usus
684 1998 831 2080 loquendi
853 2007 972 2059 certam
991 1997 1144 2076 praebeat
1165 2000 1330 2077 significa-

93 2080 214 2142 tionum
236 2083 454 2162 cognitionem,
478 2086 606 2147 dialecti
627 2094 780 2164 cognatae
811 2102 896 2160 cero,
920 2084 1107 2163 etymologia
1128 2093 1159 2144 et
1181 2086 1332 2164 orralegia

91 2169 223 2228 nonnisi
250 2170 436 2247 possibilem
468 2172 519 2232 cel
544 2170 759 2250 probabilem:
789 2178 886 2248 patet,
920 2187 999 2244 eurrr,
1033 2171 1087 2248 qai
1123 2179 1251 2248 praeter
1280 2172 1332 2232 ret

89 2252 185 2330 plane
208 2262 320 2316 cantra
350 2275 442 2318 asum
475 2256 619 2337 loquendi
648 2258 803 2318 dialectos
837 2264 999 2334 cogitatas,
1030 2256 1251 2335 etymologiam
1274 2265 1331 2317 ant

91 2340 275 2418 analagiam
296 2341 422 2420 linguae
443 2346 594 2422 seqnitur,
617 2341 927 2420 monifestepeccare
950 2350 1061 2402 caretro
1083 2345 1165 2419 teges
1189 2342 1308 2420 logicae
1319 2362 1332 2413 ,·

91 2422 157 2485 talis
191 2425 273 2486 enim
305 2426 387 2507 quod
418 2427 517 2489 solum
547 2428 717 2509 probabile,
750 2429 811 2489 imo
844 2425 926 2506 quod
959 2431 1073 2487 tantum
1097 2425 1244 2507 possibile
1268 2433 1327 2504 est,

90 2508 227 2589 praefert
248 2511 288 2587 ei,
312 2512 394 2592 quod
417 2520 466 2575 est
489 2521 615 2576 certum.
659 2514 873 2595 interpretatio
904 2513 1008 2591 itaque
1031 2520 1137 2573 contra
1160 2511 1210 2573 vel
1234 2529 1330 2594 prae·

90 2600 136 2656 ter
156 2613 249 2657 usum
269 2595 415 2677 loquendi
438 2607 581 2682 suscepta
605 2617 758 2681 nunquam
781 2598 897 2660 admitti
920 2603 1032 2678 potest,
1056 2598 1231 2678 ubicunque
1253 2616 1329 2659 usus

90 2679 235 2762 loquendi
258 2682 347 2763 plane
371 2685 513 2766 cognitus
536 2691 593 2763 est,
628 2686 765 2767 quamvis
796 2684 845 2745 illa
869 2685 918 2745 vel
943 2683 1081 2745 dialectis
1104 2684 1256 2766 cognatis,
1279 2683 1329 2745 vel

90 2767 277 2849 etymologia
299 2776 331 2830 et
353 2771 504 2852 analogia,
527 2772 577 2833 vel
601 2773 741 2834 omnibus
765 2769 853 2832 simul
876 2771 996 2831 nitatur.

172 2853 205 2915 3.
229 2853 366 2935 Propria
388 2857 488 2919 lectio.
517 2856 588 2919 Etsi
609 2858 650 2919 ab
673 2858 732 2918 itta
755 2858 879 2936 lingone
903 2856 1090 2935 cognitione,
1113 2872 1193 2934 gnae
1215 2854 1327 2916 mediis

89 2942 278 3001 caumatis
307 2953 519 3021 comparatur,
550 2962 614 3005 non
648 2946 749 3004 omnis
770 2941 964 3021 imperfectio
986 2940 1097 3003 abesse
1127 2942 1225 3001 solet:
1246 2941 1326 3002 baec

88 3033 201 3101 tamen,
223 3026 256 3086 εἰ
277 3045 342 3088 non
359 3030 489 3107 penitas
512 3029 591 3099 tolli,
613 3038 697 3090 certe
729 3029 861 3089 diminui
880 3030 999 3107 poterit
1021 3028 1152 3111 laetiope
1176 3024 1328 3087 librorum

87 3111 239 3189 ipsoram,
261 3113 295 3173 in
317 3113 377 3174 bac
400 3115 508 3193 lingem
530 3117 728 3177 exstantiam.
772 3113 847 3175 Nam
869 3114 943 3176 licet
964 3111 1006 3174 illi
1024 3112 1081 3197 ipsi
1104 3110 1174 3187 sint,
1198 3130 1327 3193 quorum

86 3212 159 3257 usus
181 3195 330 3276 loquendi
353 3201 519 3281 quaeritur,
541 3207 703 3281 postquam
737 3207 838 3261 tamen
860 3201 962 3281 potior
984 3198 1107 3279 linguae
1130 3215 1202 3261 uars
1225 3196 1327 3259 bisto-

85 3281 148 3343 n'ce
170 3279 265 3344 suerit
287 3286 421 3366 cognita,
445 3286 574 3368 egregie
597 3285 734 3348 adhiberi
756 3292 899 3367 poterunt
921 3283 959 3345 ad
982 3302 1019 3345 ea
1042 3282 1162 3345 facilius
1185 3283 1326 3366 plenius-

85 3384 144 3447 que
167 3370 399 3449 cogooscenda,
424 3389 503 3453 quae
517 3388 575 3453 per
591 3371 774 3433 medicante
792 3376 1028 3432 commemorata
1051 3369 1101 3432 vel
1123 3370 1154 3431 in
1178 3370 1323 3445 obscuro,

83 3452 132 3513 rel
154 3452 187 3514 in
208 3453 329 3517 incerto
351 3463 439 3519 erant
459 3458 577 3536 relicta,
600 3476 692 3538 mum
714 3475 775 3520 non
798 3473 868 3518 raro
888 3455 1067 3518 obscuriora
1091 3455 1241 3538 ejusmodi
1263 3472 1325 3514 vo-

84 3538 190 3601 cabula
213 3557 271 3619 per
292 3540 431 3621 clariora,
453 3544 504 3606 vel
525 3562 582 3626 per
603 3542 734 3625 logicam
756 3542 845 3624 plane
869 3540 1079 3604 definitionem
1103 3541 1169 3603 aliis
1193 3544 1224 3601 in
1246 3538 1323 3601 locis

83 3621 286 3705 explicentur,
309 3634 361 3688 aut
382 3628 490 3691 saltem
512 3628 565 3692 tali
588 3628 620 3691 in
643 3635 791 3692 contextu
813 3628 965 3712 legantur,
989 3628 1042 3711 qui
1063 3628 1185 3690 unicam
1207 3631 1322 3686 tantum

81 3710 241 3774 uodonem
263 3711 400 3777 admittit
