2834 4896
85 178 142 235 vm

87 356 251 467 graphiis
282 383 327 438 ac
358 353 671 436 dissertationibus
703 368 774 435 etc.
835 356 906 438 Ast
934 383 993 436 me
1024 383 1097 437 non
1129 362 1328 466 simplicem

87 484 214 587 egisse
254 479 469 583 plagiarium
510 486 571 553 aut
612 478 896 580 compilatorem,
944 502 1083 583 aequus
1115 485 1328 586 peritusque

85 625 208 679 rerum
238 598 383 697 arbiter,
415 606 454 674 ut
486 620 637 698 sperare
667 595 753 673 mihi
783 598 882 699 licet,
912 596 1042 676 lubens
1074 613 1265 702 agnoscet.

205 717 335 798 Relate
356 714 401 793 ad
421 718 649 793 materiarum
673 725 902 794 tractatarum
924 716 1088 796 ordinem
1110 730 1147 796 et
1166 719 1328 822 modum,
1357 743 1363 752 ’

86 861 241 917 emonea
272 836 576 937 interpretationis
607 836 781 937 principia
813 835 857 912 ad
891 837 1029 914 calcem
1070 841 1192 940 operis
1224 840 1329 917 rele-

85 957 207 1063 ganda
229 982 316 1037 esse
346 953 576 1055 videbantur,
598 955 681 1056 quia
703 953 748 1032 ad
769 980 814 1033 ea
845 955 1045 1035 refellenda
1067 960 1176 1035 totius
1197 970 1327 1059 syste-

84 1081 188 1157 matis
229 1074 491 1157 hermeneuticl
537 1075 698 1175 cognitio
747 1078 951 1179 requiritur.
1023 1074 1083 1153 Ad
1125 1078 1328 1179 pleniorem

84 1198 215 1277 indolis
246 1196 395 1300 linguae
426 1216 586 1298 graecae
607 1194 642 1270 in
662 1188 707 1270 N.
727 1191 769 1272 Τ.
791 1194 923 1283 obviae
954 1197 1149 1297 imaginem
1169 1221 1327 1299 reprae-

83 1316 297 1405 sentandam
328 1315 430 1418 plura
462 1311 626 1413 exempla
644 1308 1043 1391 Alexandrinismorum
1075 1326 1112 1393 et
1141 1314 1326 1393 Hebrais·

83 1460 225 1531 ¹morum
270 1430 468 1512 adferenda
496 1454 595 1525 ,esse
640 1435 787 1534 putavi,
829 1457 923 1535 quae
963 1435 995 1510 si
1028 1436 1087 1511 cui
1120 1433 1326 1538 displicent,

83 1554 192 1635 lacile
221 1552 456 1657 praetermitti
486 1559 651 1653 possunt.
712 1549 754 1629 ln
787 1552 979 1629 collatione
1011 1552 1174 1633 locorum
1204 1553 1250 1632 V.
1279 1552 1325 1633 F.
1358 1546 1369 1569 '

82 1675 121 1753 iu
150 1670 195 1763 N.
227 1672 269 1753 Τ.
301 1672 488 1749 allatorum
527 1692 617 1747 usus
649 1695 729 1749 sum
770 1670 928 1749 editione
960 1670 1099 1750 Sixtina
1142 1677 1326 1753 versionis

82 1791 337 1897 Septuaginta,
380 1814 487 1894 quam
527 1792 779 1873 recentissime
811 1789 1059 1869 recudendam
1090 1792 1177 1871 lecit
1206 1792 1325 1895 Jager

81 1910 233 2017 ¹Parisiis
262 1908 391 1990 1844.
433 1933 538 2012 seqq.
582 1904 765 1988 Numerus
806 1909 1032 1991 Psalmorum
1074 1923 1111 1989 et
1151 1912 1325 1991 librorum

82 2028 231 2137 Regum
262 2033 390 2109 citatus
423 2038 480 2106 est
505 2027 608 2130 juxta
641 2027 857 2123 diuisionem
888 2039 1008 2106 textus
1041 2028 1212 2110 hebraici.

88 2196 92 2205 ·
203 2148 309 2245 Quod
350 2150 476 2225 attinet
514 2146 664 2249 linguae
705 2146 932 2225 adhibendae
968 2149 1158 2253 selectum,
1190 2149 1323 2228 dubius

80 2291 155 2349 nou
186 2267 405 2365 haerebam3
435 2267 569 2343 etenim
600 2289 809 2344 sermonem
840 2267 987 2345 latinum
1008 2294 1030 2347 e
1050 2268 1179 2348 studiis
1210 2269 1323 2347 theo-

80 2386 213 2493 logicis
245 2386 389 2467 exulem
420 2386 557 2486 lacere,
589 2409 662 2463 non
694 2396 830 2463 tantum
863 2400 1151 2490 praeposterum,
1184 2388 1251 2467 sed
1286 2399 1324 2467 et

80 2508 234 2587 maxime
257 2509 429 2586 nocivum
449 2528 535 2582 esse
557 2528 718 2603 cense03
738 2518 1013 2607 praeposterum
1039 2508 1197 2610 quidem,
1223 2534 1323 2611 quo-

80 2629 176 2707 niam
199 2637 256 2705 est
275 2624 413 2728 lingua,
435 2632 474 2701 ut
494 2625 542 2699 ita
563 2622 693 2725 dicam,
717 2626 914 2702 vernacula
940 2626 1121 2705 ecclesiae
1146 2653 1323 2707 romano-

81 2742 308 2845 oatholicae,
348 2744 471 2820 matris
518 2742 686 2819 omnibus
731 2742 837 2822 nobis
885 2748 1109 2847 communis3
1150 2752 1323 2826 nocivum

82 2874 215 2975 autem,
237 2867 320 2969 quia
341 2865 467 2966 partim
499 2859 619 2938 lontes
651 2865 883 2942 scientiarum
911 2889 1097 2943 sacrarum
1128 2867 1323 2946 abundan-

81 2984 220 3065 tissime
239 2992 427 3061 manantes
448 2980 737 3081 obstruerentur,
758 2984 886 3084 sicque
907 2982 1106 3063 traditionis
1128 2990 1322 3065 continuae

80 3102 179 3183 lilum
219 3099 507 3201 abscinderetur,
538 3101 665 3202 partim
706 3100 864 3178 medium
901 3104 1216 3207 sirnplicissimum,
1248 3129 1321 3209 quo

81 3222 344 3327 cogitationum
375 3221 633 3297 commercium
663 3218 758 3298 adeo
790 3244 918 3322 suave,
952 3246 1000 3300 ne
1031 3223 1149 3301 dicam
1181 3248 1321 3301 neces-

80 3342 216 3421 sarium
256 3341 350 3419 inter
389 3338 488 3416 viros
531 3334 803 3418 ecclesiasticos
844 3344 1002 3420 omnium
1034 3341 1113 3419 lere
1144 3353 1322 3420 terrarum

79 3459 172 3539 inire
217 3458 445 3560 conceditur,
475 3459 507 3534 si
538 3481 612 3535 non
653 3457 761 3561 plane
802 3464 1006 3561 praecisum
1032 3462 1187 3566 jaceret,
1220 3472 1321 3539 certe

83 3578 130 3659 ad
172 3578 412 3683 paucissimos
458 3577 663 3654 restrictum
709 3575 953 3659 delitesceret.
1024 3580 1166 3684 Lingua
1213 3584 1323 3684 igitur

81 3696 278 3779 vernacula
324 3705 491 3797 utantur,
541 3697 601 3800 qui
648 3694 898 3799 philosophiae
946 3699 1146 3779 modernae
1192 3703 1321 3804 placita

81 3802 284 3922 explicant,
327 3819 388 3919 qui
428 3812 602 3917 physicae
644 3826 682 3893 et
723 3814 885 3895 chemiae
930 3821 1077 3898 inventa
1123 3830 1321 3921 exponunt,

82 3934 267 4017 historiam
299 3935 498 4013 naturalem
529 3944 695 4035 tractant,
732 3934 838 4038 leges
871 3939 998 4018 civiles
1029 3943 1321 4040 interpretantur,

80 4054 207 4135 theses
247 4055 408 4134 medicas
455 4052 657 4132 defendunt
703 4064 797 4154 etc.;
846 4079 927 4135 nam
973 4055 1075 4135 hisce
1122 4056 1321 4158 disciplinis

80 4173 211 4279 idioma
241 4178 439 4274 recentius,
462 4171 560 4277 quod
592 4172 696 4251 simul
729 4183 786 4251 est
816 4174 1032 4277 locupletius
1064 4201 1108 4255 ac
1139 4175 1320 4281 mobilius,

80 4303 156 4373 tum
197 4297 354 4398 aptiores
395 4292 627 4394 suppeditare
669 4295 856 4395 terminos,
888 4305 962 4372 turn
993 4296 1080 4373 alias
1112 4295 1159 4373 ob
1192 4319 1323 4373 causas

80 4414 218 4522 majora
239 4423 301 4493 aut
319 4412 421 4516 plura
453 4410 598 4489 adferre
630 4436 743 4515 posse
775 4414 979 4518 commoda,
995 4415 1165 4519 equidem
1191 4423 1323 4518 sponte
