2834 4896
60 116 155 185 opera
176 97 217 163 atl
237 114 297 163 nos
318 100 535 179 pervenerint,
548 92 655 177 partim
677 100 710 158 et
731 94 797 176 ipsa
819 110 927 159 curum
949 93 1062 180 scripta
1082 101 1204 165 nonnisi
1226 120 1303 175 snm

57 186 277 263 occasionalis,
300 182 534 247 circumstantiis
565 181 659 243 certis
690 187 867 263 provocata,
890 188 923 245 at
944 200 1004 263 qua
1026 185 1096 248 talia
1118 188 1237 271 singulo
1261 198 1302 261 de

58 274 168 337 uadem
190 290 217 337 s.
239 271 414 352 Scripturas
436 267 514 331 locis
535 266 630 330 nerha
652 266 758 329 tacere
780 284 881 348 usquc
914 268 1078 351 dehebant,
1105 292 1206 355 neque
1228 290 1302 363 pot.

56 359 235 435 erant3sed
257 356 371 420 sullicit
393 370 564 417 consensus
588 369 693 415 eorum
717 352 873 414 moraliter
894 357 1086 436 universalis,
1109 361 1128 421 i.
1152 380 1179 422 e.
1202 373 1247 430 tot
1270 377 1301 432 et

55 445 163 508 talium
186 445 318 520 l‘atrum,
341 459 469 522 quarum
496 440 698 501 testimonium
721 439 797 500 fides
820 441 912 503 totius
936 444 1089 507 ecclcsiae
1111 451 1219 514 manto
1242 455 1301 517 ha-

55 533 122 594 heri
147 532 256 613 possit
279 529 356 591 ttinc
377 544 553 589 comanitas
575 526 705 587 Patrem
726 528 887 588 unanimis
910 528 1072 593 habendus
1094 543 1166 596 est:

143 622 183 692 a)
206 617 241 678 Si
261 616 375 678 Patres
395 615 529 675 mnaime
551 614 692 690 insipnes
710 614 854 692 priorum
885 613 924 673 Vl
943 618 1143 681 saeculorum
1164 641 1302 688 concor·

54 704 142 781 dant,
166 713 199 766 et
219 703 257 764 de
279 718 437 765 consensu
458 699 654 777 reliquorum
676 706 840 775 testantur,
858 701 982 761 etianmi
1003 704 1036 763 in
1059 704 1171 768 toron
1193 714 1302 793 consp.

54 791 97 851 tis
120 789 208 851 nihil
228 789 349 867 leuatur
371 786 409 847 de
431 802 527 845 sensu
549 784 629 845 certi
649 802 675 845 s.
696 783 881 863 Scripturas
904 785 988 859 loei;
1010 789 1037 850 si
1059 807 1086 852 v.
1109 810 1139 872 g.
1163 812 1301 860 consen.

55 876 136 936 tiunt
158 892 200 937 ss.
224 874 379 948 lreuaeus,
402 869 706 952 CyrillusHicrosol,
730 870 870 948 Hilarius,
892 870 1086 954 Epiphanius,
1109 877 1297 959 Ephraemus

56 961 164 1040 Syrus,
197 959 393 1034 Athanasius,
415 956 555 1032 Basilius,
579 953 825 1036 chrysostomus,
861 955 1027 1040 Gregorius
1049 960 1122 1024 Nan.
1146 973 1178 1028 et
1199 967 1299 1050 Nyss,

56 1047 250 1123 Ambrosius,
278 1043 479 1125 Augustinus,
512 1040 726 1122 Hieronymus,
757 1042 821 1104 Leo
853 1043 910 1118 hl.;
941 1064 1009 1107 nam
1039 1048 1144 1112 Patras
1176 1051 1206 1115 hi
1237 1062 1300 1119 tum

57 1133 240 1209 doctissimi,
274 1138 337 1193 turn
370 1128 564 1190 illustrissimi
597 1128 636 1189 de
660 1146 755 1208 sensu
784 1147 810 1191 s.
833 1128 1007 1211 Scripturas
1041 1135 1143 1215 primis
1166 1141 1299 1203 saeculis

59 1220 182 1300 vigente
205 1216 410 1280 testimouium
433 1214 536 1292 adimi,
560 1232 729 1295 eorumque
751 1213 850 1277 allatis
866 1216 971 1279 Patres
994 1219 1217 1302 subsequomm
1240 1226 1300 1288 ad-

62 1303 229 1367 haeserunt
250 1310 429 1384 temporum.

103 1406 107 1415 ·
140 1391 182 1469 β)
204 1390 241 1451 Si
268 1390 380 1469 plures
411 1387 524 1449 Patres
557 1388 788 1448 concutientes
819 1394 907 1451 tanta
939 1408 1009 1451 cuni
1043 1396 1230 1472 confidentia
1261 1418 1300 1461 ac

56 1477 244 1537 certitudine
268 1477 445 1556 loquuntur,
467 1483 562 1535 utne
584 1474 742 1534 minimam
765 1475 889 1552 quidem
911 1478 1040 1538 timeant
1069 1483 1299 1546 contradictio-

55 1581 134 1638 ποίη,
147 1562 271 1641 hucque
292 1561 480 1623 rationeoel
496 1560 589 1621 tacite
611 1562 746 1621 innuant
759 1561 811 1621 act
832 1561 947 1622 diserte
969 1563 1105 1639 edicunt,
1117 1573 1300 1633 sententiam

55 1666 149 1709 mam
171 1665 244 1710 esse
262 1647 356 1727 tidem
377 1648 474 1708 tatius
496 1646 657 1707 ecclesiae.

144 1738 181 1811 y)
203 1734 239 1795 st
256 1732 403 1812 pluribus
436 1740 554 1793 tuntum
585 1730 851 1792 consentientibus
880 1742 985 1794 notum
1007 1744 1064 1812 est,
1086 1735 1200 1800 Patres
1222 1744 1301 1803 reti-

54 1839 133 1900 φοι
156 1822 286 1881 nonnisi
306 1820 378 1881 ideo
400 1818 506 1893 silere,
537 1817 686 1897 quincei
716 1817 826 1878 deerat
846 1819 927 1897 ipsis
949 1824 1076 1883 occano
1095 1825 1188 1900 fidem
1210 1845 1300 1889 suam

56 1906 267 1980 contestandi,
299 1904 349 1966 vel
369 1906 446 1984 quia
479 1905 593 1964 ceteris
625 1905 814 1979 assentiant,
846 1903 965 1985 hocque
987 1918 1043 1970 aut
1074 1928 1224 1989 cupressi
1245 1923 1302 1976 unt

56 1994 172 2054 suttcss
195 1994 289 2053 tacite
310 1991 460 2052 indicunt.

141 2081 182 2153 a)
205 2076 241 2139 Si
262 2095 369 2138 omnm
391 2072 444 2138 sel
463 2074 575 2137 saltem
593 2075 762 2154 praecipui
775 2074 888 2137 Patres
910 2087 967 2139 aut
980 2077 1117 2143 Orientis
1139 2084 1299 2147 autOcci-

56 2164 161 2228 tlentis
183 2165 393 2237 sumentium,
415 2163 522 2241 eisque
544 2179 566 2222 a
587 2162 709 2222 nemine
736 2160 988 2225 Orthcdoaorum
1010 2169 1245 2231 contradicitur.

144 2254 178 2325 s)
201 2249 237 2311 Si
258 2248 480 2310 nonnullarum
512 2251 639 2309 Petrum
675 2249 931 2310 comentientinm
966 2249 1060 2330 effata
1090 2254 1130 2315 ah
1165 2256 1299 2318 ecclesia

62 2335 280 2416 spoliabantur
301 2336 352 2396 aet
372 2333 644 2411 continuabantur.

148 2422 186 2496 h)
211 2419 373 2482 Unanimis
394 2418 523 2481 Panum
545 2436 719 2480 consensius
740 2429 861 2499 spectet
880 2439 1009 2483 necesse
1033 2435 1081 2485 est
1102 2445 1155 2488 res
1174 2428 1249 2505 fidei
1270 2438 1300 2491 et

56 2527 179 2572 morum
203 2505 474 2576 Christianorum
496 2507 528 2566 in
549 2504 688 2583 reliquis,
711 2523 737 2565 v.
760 2524 790 2587 g.
812 2506 843 2567 in
866 2507 960 2569 rehus
983 2508 1127 2589 physicis,
1153 2523 1299 2575 astrono-

58 2596 157 2672 micis,
179 2590 398 2674 philosophicis
421 2596 480 2651 etc.
507 2590 610 2671 ,ipsos
633 2590 739 2651 Patres
761 2593 903 2653 venerari
926 2593 1060 2673 quidem,
1083 2603 1131 2658 ast
1152 2599 1299 2675 religiose

56 2686 86 2740 et
115 2674 196 2741 κατὰ
219 2670 301 2737 πόσα
323 2677 411 2756 sequi
433 2694 495 2737 non
526 2677 682 2757 cogimus
707 2675 755 2751 ιι).
796 2676 827 2738 ld
851 2679 947 2757 ipsurn
979 2682 1112 2761 postulat
1133 2683 1298 2747 Concilium

56 2765 212 2841 trident,
235 2764 306 2826 dum
328 2763 454 2825 decreto
477 2763 617 2842 superius
640 2760 762 2823 laudato

141 2851 189 2928 B)
212 2849 360 2912 ambitum
382 2867 489 2911 eorum
510 2848 657 2926 definivit,
669 2866 750 2926 qnae
765 2850 809 2909 ad
830 2851 918 2911 illam
939 2869 1081 2914 normam
1102 2865 1177 2916 sunt
1196 2857 1297 2917 inter·

54 2938 226 3016 pietantia,
249 2935 374 2997 diceus:
411 2934 463 3012 „ln
485 2934 577 2995 rebus
600 2931 670 2994 lidei
694 2939 726 2994 et
747 2952 874 3012 morum,
899 2936 937 2998 ad
968 2938 1210 3001 aedificationem
1234 2941 1296 3003 do-

58 3026 176 3087 ctrinae
199 3020 385 3084 christianas
407 3019 650 3100 pertinentium.“
682 3018 745 3080 Per
775 3022 1022 3099 aedificationem
1043 3044 1100 3086 seu
1122 3028 1299 3105 aedificium

56 3110 225 3173 doctrinae
248 3110 442 3169 christianae
459 3124 523 3167 nan
538 3114 657 3167 tantum
673 3104 886 3169 doctrinarum
907 3110 1151 3171 christianarum
1168 3132 1298 3193 summa,

55 3196 113 3257 sed
136 3204 168 3258 et
188 3213 297 3256 earum
319 3201 502 3273 ornamenta
523 3209 562 3253 uc
582 3190 689 3269 fulcra
714 3192 938 3273 intellipuntnr.
982 3194 1087 3257 liebus
1108 3199 1205 3277 initur
1224 3201 1299 3278 fidei

54 3290 83 3342 et
111 3299 255 3357 morum,
288 3280 332 3341 ud
363 3278 610 3355 aedificationem
643 3278 806 3339 doctrinae
842 3278 1035 3341 christianae
1067 3285 1298 3364 pertinentiam,

54 3366 359 3441 memoriensem,
376 3364 527 3444 medonta
547 3364 641 3424 salua
663 3363 879 3426 doctrinarum
901 3365 1147 3430 christianarum
1165 3390 1297 3448 summa,

53 3454 157 3517 sutria
186 3470 295 3513 earum
324 3451 518 3530 ornamentis
548 3466 587 3510 uc
617 3448 731 3528 fulcris
765 3450 818 3512 cel
843 3452 1032 3514 credendum
1063 3456 1115 3516 cel
1143 3456 1296 3536 apendum

54 3537 294 3603 emittendum
315 3543 518 3616 agnoscatur,
540 3554 668 3597 necesse
692 3545 747 3597 est.
770 3535 821 3598 Sic
843 3554 872 3597 v.
885 3555 914 3618 g.
938 3537 1050 3601 adres
1073 3539 1144 3602 fidei
1166 3543 1297 3622 pertinet

55 3625 209 3704 quaestio,
237 3640 309 3685 num
328 3619 447 3683 Christo
470 3619 583 3683 luerint
604 3619 714 3683 iratres
737 3627 769 3682 et
790 3639 918 3685 sorores
940 3642 1034 3687 sensu
1056 3626 1191 3707 proprio,
1221 3628 1296 3688 stri-

53 3710 157 3787 ctiori,
177 3727 216 3771 an
238 3707 337 3771 solum
358 3707 535 3790 improprio,
548 3706 754 3768 latioti‘tnam
777 3708 804 3769 si
825 3709 952 3791 primurn
976 3716 1137 3787 statueres,
1150 3710 1296 3772 loedere-

53 3801 103 3857 tur
125 3794 268 3858 doctrina
291 3792 455 3870 ecclcsiae,
478 3791 601 3854 hlariarn
624 3799 694 3874 post
715 3800 833 3875 partum
854 3796 1004 3878 virginem
1025 3796 1197 3858 inviolatam
1220 3815 1295 3877 per-

54 3882 218 3944 mansisse.
241 3915 283 3927 -
305 3878 335 3941 Ε
357 3877 493 3942 Caecilii
516 3877 691 3942 Tridentini
723 3890 823 3944 mente
857 3901 930 3962 erpo
961 3883 1005 3945 ad
1034 3881 1122 3943 illam
1154 3901 1296 3946 normam

58 3968 298 4048 interpretanda
320 3976 393 4028 sunt
425 3967 532 4027 omniu
554 3985 580 4027 s.
602 3964 887 4046 scripturaetoca,
919 3986 1049 4048 qnorum
1080 3979 1295 4047 arpamentum

59 4072 131 4114 cum
154 4054 301 4115 doctrina
322 4053 475 4113 ecclesiae
492 4053 550 4112 tali
563 4053 598 4111 in
619 4071 702 4114 nean
724 4062 775 4114 est
791 4057 939 4134 paritum,
952 4062 988 4115 nt
1008 4054 1074 4113 iltis
1096 4063 1207 4116 contra
1219 4075 1295 4117 sen-

111 4256 140 4319 *)
156 4254 317 4307 lunaria·
334 4253 369 4307 tls
385 4256 547 4321 ingeniorum
565 4256 743 4308 moderatione
760 4259 786 4307 ta
803 4265 891 4322 nepot.
909 4255 983 4323 relig.
1002 4255 1017 4306 l.
1034 4255 1053 4307 l.
1073 4272 1095 4306 c.
1114 4256 1155 4346 tt.

1118 4328 1136 4388 3
