2834 4896
85 199 107 264 2

87 367 304 450 cogitationum
334 383 556 447 sensorumquc
590 364 756 427 eorundem
779 366 887 428 modos
918 365 1047 428 diversis
1082 366 1227 449 gradibus
1259 364 1328 427 dis-

87 455 208 523 tinctos,
232 470 311 534 quae
334 470 436 534 neque
459 453 555 513 mimis
579 458 630 513 out
653 453 801 534 gestibus,
825 470 927 533 neque
949 453 1061 530 literis,
1085 453 1141 515 sed
1163 453 1230 515 solo
1255 468 1327 514 ser-

86 558 177 602 mone
200 556 256 601 seu
278 539 346 600 vivi
369 556 447 600 voce
471 538 509 600 od
532 538 675 600 amussim
698 537 885 601 manifestari
907 540 1035 620 possint.

192 625 287 687 Notio
304 627 384 703 jum,
406 643 486 704 quae
509 627 600 702 siquo
626 625 771 703 quodam,
795 625 929 703 proinde
951 634 983 687 ct
1003 627 1158 687 uocabulo
1184 625 1235 686 ael
1252 624 1327 702 sor-

87 712 174 774 mula
200 712 375 787 indicatur,
401 712 592 790 siqnificotio
612 713 682 788 ejus
703 711 839 783 (licitum
871 712 1022 790 capitatio
1049 730 1124 772 aero
1149 719 1205 772 out
1227 710 1328 769 animi

87 806 204 873 motus,
230 799 285 876 qui
308 795 474 858 vocubulis
500 798 534 856 in
558 798 809 875 propositionem
834 798 887 858 oel
916 799 1092 859 orationem
1118 797 1279 875 conjuutis
1306 813 1328 855 o

89 881 232 962 loquente
253 884 460 962 reprimitur,
488 901 603 944 sensus
628 891 769 944 vocatur.

661 1057 692 1127 S.
714 1051 745 1115 2.

485 1160 555 1212 Usus
574 1160 699 1230 loquendi
716 1171 742 1215 et
764 1161 821 1228 ejus
840 1164 923 1231 origo.

195 1285 222 1347 1.
262 1284 345 1347 Usus
373 1284 520 1363 loquendi
546 1285 580 1346 in
604 1304 717 1364 ponere
741 1294 790 1347 est
822 1287 934 1348 modus
963 1294 1128 1362 constans,
1162 1304 1223 1365 quo
1253 1304 1331 1363 pens

90 1371 245 1452 quaedam
267 1381 325 1433 aut
346 1380 434 1432 certa
457 1373 527 1450 ejus
549 1371 706 1432 bominum
727 1373 845 1433 classis
867 1372 1000 1433 uocibus
1024 1375 1148 1451 linquae
1171 1391 1248 1433 suae
1261 1373 1330 1432 uti-

91 1465 142 1520 tur
169 1458 212 1518 orl
233 1460 372 1536 capitato
393 1475 548 1536 sensaque
571 1475 632 1521 sua
662 1466 693 1519 ct
713 1460 812 1519 animi
840 1466 942 1519 motus
970 1459 1047 1519 aliis
1070 1458 1329 1536 manifestandos.

91 1543 174 1606 Usus
198 1543 345 1622 loquendi
367 1561 441 1622 erqo
453 1544 670 1622 complectitur
691 1562 755 1605 nou
777 1552 896 1605 tontum
918 1563 1029 1605 uocum
1049 1544 1173 1623 linquae
1198 1543 1330 1603 tbesuu-

88 1650 168 1704 rum,
199 1638 229 1690 ct
250 1630 532 1708 siqnifieutionum‚
562 1648 642 1709 qnae
672 1648 742 1691 cum
771 1631 909 1709 sinqulis
936 1632 1064 1692 illarum
1086 1631 1329 1708 eonjunquntur,

89 1718 213 1795 copiam
240 1714 429 1791 (lexicalia);
473 1715 531 1776 sed
566 1723 597 1776 et
623 1716 818 1777 constantem
848 1716 1023 1794 formarum
1056 1735 1095 1777 ac
1119 1715 1330 1794 formularum

89 1821 191 1877 usum,
216 1820 273 1862 nec
295 1821 359 1863 non
385 1809 503 1863 certum
524 1801 751 1863 uocabulorum
779 1802 920 1863 ordinem
949 1802 993 1863 ad
1019 1802 1241 1881 exprimendos
1275 1803 1330 1860 cii-

86 1906 199 1949 oersas
221 1889 383 1949 notionum
405 1889 577 1955 relationes
599 1895 630 1948 ct
650 1889 759 1948 modos
783 1889 1020 1969 (grammatica).
1043 1889 1081 1949 In
1097 1890 1200 1967 specie
1224 1889 1330 1969 itaque

86 1990 166 2036 usus
189 1973 336 2054 loquendi
358 1980 502 2053 respectu
526 1972 712 2034 lenicaliest
726 1982 877 2035 constans
894 1975 1073 2051 conjunctio
1097 1973 1330 2034 earundemsi-

85 2061 320 2140 qnificationum
339 2079 408 2120 eum
439 2059 552 2119 iisdem
572 2058 756 2131 uocabulis;
786 2068 930 2138 respectu
952 2079 1026 2120 aero
1047 2061 1251 2139 prominutico
1282 2066 1331 2119 est

85 2155 237 2207 constans
243 2145 417 2223 formarum
430 2163 468 2205 ac
474 2145 685 2223 formularum
692 2145 914 2224 frequentatio,
929 2164 985 2207 nec
995 2164 1059 2207 non
1068 2155 1174 2207 certus
1185 2144 1330 2205 uacaba-

88 2230 188 2293 lorum
214 2230 292 2293 ordo
306 2230 349 2290 od
367 2231 588 2309 conprimendos
611 2230 759 2292 diuersas
780 2233 944 2293 notionum
965 2232 1138 2292 relationes
1161 2239 1191 2292 et
1209 2231 1329 2290 ncorlos.

191 2314 221 2379 2.
266 2312 358 2390 Quod
378 2317 491 2377 attinet
518 2317 671 2395 oriqinem
698 2336 778 2378 usus
801 2316 948 2396 loqueneli
974 2336 1030 2379 seu
1054 2318 1179 2396 linquae
1201 2324 1232 2377 et
1254 2317 1329 2394 qui-

85 2402 154 2464 dem
176 2409 210 2478 a)
230 2402 421 2483 primitiooc,
443 2402 532 2463 illum
555 2420 623 2463 esse
647 2402 804 2479 diuinam,
832 2422 848 2465 e
872 2424 896 2465 s.
914 2403 1081 2483 Scriptura
1104 2405 1191 2464 clare
1214 2402 1330 2462 edoce-

84 2508 173 2563 mur;
206 2506 275 2551 nam
304 2488 428 2568 Moyses
460 2494 580 2549 narrata
609 2485 699 2568 hujus
729 2487 831 2549 mundi
855 2496 886 2550 et
908 2489 995 2570 primi
1017 2488 1146 2549 hominis
1171 2488 1329 2548 creatione

89 2574 135 2636 sic
171 2575 278 2636 scribit
312 2574 423 2636 Genes.
459 2574 489 2650 2,
521 2572 561 2634 19
584 2608 626 2618 —
649 2572 700 2636 24.
749 2574 914 2653 ,Formatis
944 2574 1037 2655 igitur
1067 2574 1212 2635 Dominus
1243 2573 1327 2634 Deus

85 2658 124 2721 de
156 2660 248 2722 bumo
282 2660 399 2721 eunctis
434 2659 634 2720 animantibus
667 2664 768 2721 terrae
792 2666 822 2720 et
852 2659 1003 2722 universis
1034 2658 1206 2721 volatilibus
1238 2656 1329 2736 coeii,

86 2745 212 2807 adduxit
251 2765 287 2808 ea
315 2745 353 2807 ad
381 2745 488 2823 Adam,
520 2751 553 2807 ut
585 2744 718 2823 videret,
754 2744 826 2826 quid
859 2752 986 2807 vocaret
1017 2765 1071 2819 ea;
1109 2764 1197 2808 omne
1237 2745 1329 2821 enim,

88 2831 169 2912 quod
207 2831 328 2894 vocavit
359 2831 455 2893 Adam
486 2832 603 2893 animae
632 2831 772 2931 viventis,
805 2832 903 2912 ipsum
927 2837 974 2894 est
996 2850 1107 2894 nomen
1139 2832 1215 2912 ejus
1262 2834 1330 2911 Ap-

84 2918 270 3001 pellavitque
308 2916 405 2979 Adom
450 2917 621 2979 nominibus
663 2918 726 2980 suis
766 2924 875 2979 cuncta
915 2918 1086 2997 animantia,
1120 2925 1151 2979 et
1184 2916 1329 3015 universa

83 3003 215 3065 volatilia
249 3003 337 3081 coeli,
373 3010 403 3065 et
434 3020 540 3065 omnes
579 3003 693 3066 bestias
725 3011 834 3080 terrae,
879 3002 966 3066 Adae
997 3022 1072 3066 vero
1100 3022 1162 3065 non
1185 2986 1330 3065 invenie-

81 3086 171 3151 batur
193 3088 314 3171 adjutor
336 3090 439 3151 similis
463 3090 559 3188 eJus.“
606 3090 751 3172 Exposita
779 3108 870 3171 porro
894 3089 1075 3152 formatione
1098 3090 1181 3151 Evae
1192 3091 1329 3169 ,serip-

82 3180 134 3237 tor
153 3194 243 3238 saeer
277 3174 396 3238 referre
427 3174 528 3257 pergit
570 3191 597 3236 v.
628 3177 679 3240 22.
708 3185 739 3238 et
768 3175 839 3240 23.:
878 3174 935 3256 ,Et
957 3174 1083 3238 adduxit
1107 3195 1173 3238 eam
1210 3175 1330 3252 (Deus)

84 3262 122 3323 ad
159 3261 265 3323 Adam.
310 3262 453 3341 Dixitque
489 3260 603 3323 Adam:
640 3261 706 3324 Hoc
743 3280 825 3324 nunc
855 3280 891 3323 os
931 3276 971 3323 ex
1010 3262 1130 3325 ossibus
1165 3262 1257 3338 meis,
1298 3269 1330 3322 et

86 3366 158 3410 caro
193 3347 231 3409 de
267 3364 359 3410 earne
390 3365 475 3423 mea;
517 3344 595 3407 haec
634 3348 793 3409 vocabitur
829 3347 953 3430 virago,
997 3348 1139 3428 quoniam
1182 3347 1220 3408 do
1263 3347 1329 3407 viro

87 3441 186 3497 sumta
220 3437 297 3496 est.“
333 3432 456 3514 Apertis
487 3433 592 3511 itaque
621 3434 724 3496 verbis
748 3451 789 3495 ss.
823 3432 930 3495 literae
958 3432 1079 3511 docent,
1111 3432 1237 3514 primum
1268 3432 1330 3493 bo-

85 3521 198 3582 minem
220 3537 282 3582 non
305 3518 493 3595 successive,
516 3520 702 3581 necessitate
725 3526 776 3581 aut
799 3519 983 3582 commercio
1003 3538 1070 3581 cum
1090 3518 1155 3581 aliis
1179 3525 1330 3595 coactum,

83 3623 142 3687 ope
175 3605 377 3668 meditationis
412 3612 442 3668 et
471 3603 562 3666 studii
595 3606 653 3667 sibi
692 3605 847 3667 invenisse
887 3625 922 3667 ae
960 3605 1144 3668 efformasse
1178 3604 1330 3685 linguam3

86 3710 155 3753 nom
198 3710 266 3753 cum
300 3690 398 3753 adhuc
434 3689 518 3753 solus
562 3697 655 3769 esset,
695 3691 795 3753 statim
835 3691 963 3773 singulis
1007 3691 1216 3767 animantibus,
1259 3688 1330 3750 dein

84 3777 202 3839 mulieri
225 3777 283 3840 sibi
307 3776 467 3858 adjunctae
491 3794 603 3839 nomen
625 3777 809 3859 imposuisse
832 3777 955 3859 iegitur.
999 3778 1096 3840 Etiam
1127 3775 1330 3839 Ecclesiasti-

84 3882 138 3927 cus
174 3860 223 3941 il,
249 3864 276 3926 1.
300 3865 329 3925 5.
364 3863 452 3924 dicit:
485 3862 587 3940 ,Deus
615 3865 731 3925 creavit
754 3862 897 3933 deterre
915 3864 1084 3939 bominem,
1109 3871 1141 3925 et
1159 3861 1328 3924 secundum

81 3946 244 4033 imaginem
267 3967 353 4012 suam
371 3948 445 4010 fecit
474 3948 565 4012 illum.
612 3949 733 4012 Croavit
770 3967 810 4011 ex
831 3949 899 4031 ipso
924 3950 1106 4031 adjutorium
1138 3948 1235 4010 simile
1260 3946 1328 4024 sibi,

83 4039 114 4098 et
138 4034 295 4097 consilium
321 4036 512 4113 (rationem),
554 4041 585 4098 et
621 4035 772 4118 linguam,
804 4041 836 4097 et
876 4035 983 4098 oculos
1021 4040 1052 4096 et
1086 4053 1176 4096 aures
1210 4040 1241 4095 et
1276 4051 1331 4095 cor

81 4118 165 4185 dedit
204 4120 300 4183 illis“.
345 4120 546 4202 Ouidcunque
588 4122 818 4199 rationalistae‚
857 4132 923 4182 non'
956 4121 1114 4184 Socratem
1153 4126 1183 4181 et
1221 4119 1327 4181 Plato-

81 4225 167 4283 nem,
190 4206 293 4269 sobrie
316 4206 617 4290 philosophantem),
649 4208 704 4270 sed
727 4207 901 4285 Horatium,
923 4212 1045 4291 poitam
1068 4212 1184 4269 temere
1207 4206 1331 4287 tingen-

79 4347 391 4361 —u———n—

119 4419 149 4483 *)
167 4416 239 4470 Plato
258 4419 284 4468 in
302 4419 406 4485 Kratylo
424 4419 514 4484 refert,
534 4419 614 4471 alios
634 4420 773 4482 offirmare,
793 4418 950 4469 arbitrariam
975 4418 1105 4470 bominum
1134 4420 1336 4469 couventionem

180 4486 262 4539 solum
284 4503 343 4542 osse
362 4491 498 4554 rationem,
517 4504 563 4541 cur
580 4503 664 4542 voees
681 4488 786 4557 linguae
804 4486 871 4539 hauc
885 4487 929 4542 vel
945 4487 1016 4541 illam
1033 4488 1248 4559 significationem
1266 4487 1336 4555 apud
