2834 4896
1257 198 1324 267 'ter

80 400 157 447 aero
180 381 313 463 tynam
336 363 422 471 (W)
443 375 535 456 laem
558 380 705 452 etipsa,
728 369 890 433 desideria
912 379 944 434 ct
963 388 1059 435 sonsa
1080 371 1243 454 relipioso,
1266 390 1326 437 ea-

83 489 242 549 lamitotes
264 491 296 546 et
316 482 439 545 solatia·
455 475 699 557 manifestabat:
721 476 768 536 ito

167 572 200 634 4.
223 587 337 651 pacano
358 547 452 663 (bap)
476 567 662 645 sapientiam
692 563 774 623 aitae
805 560 1097 639 relipioso-etlticae
1131 562 1208 626 loce
1232 583 1327 627 reoc-

82 677 202 739 lotio'ne
225 674 335 736 aterno
357 692 397 737 ea
420 669 616 751 experientia
638 664 782 726 banstora
815 663 956 741 docebat,
980 664 1052 726 binc
1076 668 1109 728 in
1131 668 1328 733 institutione

81 770 112 837 et
133 756 501 824 concertatione'locnm
520 755 708 841 primariam
742 748 926 829 occnpobat,
948 758 981 813 et
1003 755 1116 814 tatoris
1139 757 1251 831 instar,
1274 756 1329 836 qai

81 848 254 928 inferiores
287 843 432 908 carnalos
468 840 682 918 libertatisque
711 836 843 898 abasam
877 838 1034 911 domaret,
1066 840 1110 901 cot
1127 839 1330 919 formandam

79 934 330 1014 firmandamque
360 930 533 1011 sapientem
562 924 730 1005 capitanii,
753 922 908 984 sentiendi
930 933 960 986 et
982 926 1096 1004 opencli
1118 928 1272 989 rationem
1294 930 1330 990 in

81 1023 186 1084 coriis
218 1012 305 1082 oilae
343 1017 439 1097 bojas
474 1014 633 1093 odjrrnctis
674 1008 826 1072 tendebat.
861 1007 919 1099 ¹In
951 1011 1190 1075 collectionibus
1224 1023 1329 1076 antem

81 1124 269 1187 pnomarnm
291 1114 347 1167 ant
367 1100 499 1184 qaaebis
521 1099 677 1162 sententia
697 1096 842 1175 pnomica
861 1101 974 1175 per'se
997 1096 1151 1175 subsistit,
1175 1098 1200 1162 i.'
1218 1119 1246 1163 e.
1269 1118 1330 1179 nee

83 1212 152 1255 cunr
175 1190 454 1274 praecedentibus,
484 1204 587 1267 nequo
610 1202 678 1245 cum
713 1182 913 1263 sequentibus
948 1182 1104 1263 cohaeret,
1127 1188 1160 1249 ut
1181 1186 1328 1251 Proverb'.

84 1278 133 1358 10,
160 1264 358 1356 1-.22,16.
387 1267 655 1353 25,1-29,27.
706 1266 792 1330 Eccli
825 1268 877 1346 20,
910 1262 1050 1348 27-23,
1080 1270 1128 1346 6.;
1160 1274 1217 1335 ani
1246 1273 1329 1361 item

84 1368 187 1429 tiemo
207 1384 267 1444 per
282 1365 396 1445 ‘plnres
418 1378 541 1435 oensem,
565 1361 628 1419 irno
650 1357 806 1418 sectiones
824 1358 1050 1435 pertractator,
1073 1359 1118 1419 ita
1139 1362 1175 1421 nl
1196 1362 1329 1423 materia

84 1450 240 1533 eamdam
261 1469 278 1512 e
301 1446 439 1512 diversis
458 1443 607 1527 partibas
629 1451 773 1522 spectata
795 1442 990 1521 calibeatnr‚
1008 1451 1041 1504 ul
1063 1444 1225 1523 proverbia
1236 1445 1329 1529 Aga·-

86 1540 127 1600 ris
148 1538 257 1617 (Pron.
279 1552 305 1598 a.
321 1532 400 1611 30.),
433 1532 561 1615 reginae
596 1530 699 1591 matris
723 1527 876 1589 edilium
900 1528 1329 1601 etlaudesinnlierisiortis

90 1622 191 1705 (Pron.
216 1640 245 1684 c.
267 1620 348 1711 31),
379 1618 457 1682 aliae
487 1622 590 1699 partes
613 1615 846 1678 Proverbiorum
870 1613 917 1692 (i,
941 1614 1035 1692 6-9,
1061 1614 1139 1697 18.),
1162 1616 1275 1682 multae
1297 1620 1330 1681 in

84 1708 295 1787 Ecclesiaste,
329 1708 436 1789 plures
469 1704 624 1767 sectiones
658 1704 690 1763 in
723 1699 801 1762 libro
834 1699 910 1762 lesu
942 1700 1048 1765 sirach
1079 1708 1110 1766 et
1144 1703 1330 1785 Sapientiae.

85 1796 145 1858 iila
167 1814 355 1877 pnomarnm
372 1792 490 1873 forma,
513 1794 596 1871 qaoe'
620 1789 779 1869 antiquior
801 1795 955 1867 censetor,
977 1791 1078 1870 mopis
1100 1793 1276 1871 artificioso
1300 1800 1332 1856 ct

84 1881 320 1963 difficilior'e'st
340 1878 519 1955 intellecta,
553 1879 628 1956 qnia
656 1876 785 1954 saepias
807 1882 863 1935 aat
891 1874 1030 1955 inteproe
1060 1880 1251 1957 sententiae,
1275 1886 1332 1943 ont

84 1968 198 2031 saltem
221 1985 316 2030 cocos
338 1965 491 2047 quaedam
513 1962 706 2045 supplendae
729 1968 811 2037 sant,
835 1969 891 2023 ont
920 1962 1058 2023 membro
1080 1962 1142 2025 sibi
1163 1984 1226 2035 non
1248 1962 1330 2027 coni

83 2064 210 2135 prorant,
235 2056 281 2117 ito
297 2063 336 2116 at
357 2070 386 2114 o.
407 2070 436 2132 p.
457 2052 593 2131 primm
616 2048 756 2129 repnlom
788 2048 872 2109 oitae
895 2066 935 2110 eor
957 2050 1153 2127 experientia
1174 2051 1329 2135 beastan,

82 2141 218 2203 alteram
240 2140 490 2204 cerorationcm
512 2136 600 2198 illins
615 2135 667 2199 cel
686 2135 846 2216 seqnelom
866 2134 993 2213 indicet,
1004 2135 1110 2217 sicqne
1129 2136 1175 2199 ad
1190 2138 1330 2221 profan-

85 2226 410 2309 biorerninclbpinem
432 2224 548 2286 incitet.
985 2240 988 2245 ·

650 2435 681 2504 §-
698 2427 772 2493 108.
790 2438 794 2445 “

595 2566 829 2621 Continuatio.

173 2714 214 2778 ln
239 2715 434 2795 expositione
454 2721 633 2793 palmatam
655 2730 821 2776 sacrornm
842 2722 1063 2778 commentator

179 2802 207 2864 1.
228 2802 360 2880 penita
381 2807 485 2863 mneot
504 2816 544 2860 ac
566 2799 722 2878 defendat,
735 2800 847 2862 librom
858 2800 918 2862 lob
940 2820 1004 2864 non
1023 2803 1138 2880 fictam,
1150 2802 1210 2864 secl
1223 2820 1330 2867 aeram

88 2889 258 2951 historiam
275 2889 398 2968 poetice
428 2880 625 2967 propositam
648 2885 813 2959 conbibere·
841 2885 1002 2950 Gontiana
1025 2891 1220 2950 canticoram
1242 2906 1332 2971 spana·

88 2976 225 3039 boboam
255 2992 326 3036 esse
355 2974 676 3053 'repraesentationem
711 2973 890 3052 spiritualis
920 2975 1040 3036 amoris
1070 2977 1152 3036 inter
1168 2974 1281 3055 sileam
1300 2982 1333 3039 ei

89 3063 227 3124 mimam
245 3063 344 3141 piorn
371 3064 424 3122 oet
452 3060 603 3141 popalarn
632 3059 762 3120 electam
792 3062 826 3121 in
861 3058 893 3120 V.
916 3058 961 3137 1.,
996 3061 1079 3122 inter
1111 3058 1268 3123 Obristarn
1301 3070 1332 3124 et

89 3148 259 3213 scammata
280 3148 314 3209 in
334 3146 372 3209 Ν.
394 3144 451 3219 F.-;
483 3145 631 3208 Psalmos
654 3145 758 3206 naimo
780 3144 916 3207 bamono
938 3146 972 3207 in
994 3146 1223 3209 diversissimis
1245 3148 1332 3211 citae

89 3228 261 3315 oiijanotir-
281 3235 408 3314 piorem
439 3250 613 3315 senseram,
645 3231 721 3310 flasi
742 3238 774 3294 et
792 3234 870 3312 spei,
903 3233 1014 3310 pandii
1036 3243 1066 3294 et
1086 3234 1211 3295 solatii.
1225 3234 1332 3319 abner„-¹

89 3320 280 3403 danlirsimo
304 3316 416 3400 offerro
436 3320 647 3392 nutrimenta;
670 3320 793 3380 tandem
815 3320 849 3379 in
872 3318 962 3380 libris
991 3320 1141 3399 pnornieis
1163 3338 1228 3382 non
1246 3340 1333 3402 pra-·

90 3407 228 3469 mamone
259 3408 385 3483 tritam
403 3405 478 3471 ..red
495 3407 686 3485 sapientiam
707 3405 1031 3484 relipioso-rnorolem
1052 3408 1216 3483 contineri,¹
1239 3400 1335 3487 cnjns'

89 3494 216 3554 initians
237 3495 333 3554 timor
352 3491 488 3570 Domini,
512 3500 543 3553 et
563 3508 656 3570 qnam
677 3492 861 3571 insipientes
883 3491 1062 3573 despiciant
1082 3490 1185 3567 (Pron.
1212 3492 1241 3569 1,
1266 3492 1332 3571 7.);

90 3578 221 3658 primunr
241 3580 399 3661 postulant
430 3578 499 3640 ioca
521 3575 633 3638 Enoch.
661 3577 711 3655 14,
736 3576 785 3638 14.
811 3576 860 3639 18.
883 3576 934 3641 20.
957 3576 1010 3661 28,
1033 3577 1063 3640 3.
1079 3579 1201 3651 ¹Tobiae
1223 3580 1256 3660 2,
1276 3580 1332 3647 12.

93 3662 142 3728 aa·
165 3658 232 3727 lac.
256 3666 286 3740 5,
311 3664 367 3727 11.Ι
385 3663 457 3741 (cir.
480 3663 736 3744 subscriptionem
764 3663 918 3726 versionis
941 3662 1057 3744 Sept.);
1089 3664 1216 3730 aiterum
1241 3666 1338 3730 docet'

89 3752 238 3832 receptio-
262 3749 331 3813 iibri
354 3753 384 3812 in
407 3748 563 3812 Cononem
585 3748 771 3812 ludaeorum
800 3768 862 3812 non
894 3752 1004 3830 minias,
1028 3770 1119 3834 quam
1141 3754 1341 3831 Christiano-²

89 3855 169 3914 rum,
192 3855 252 3899 nec
273 3854 336 3899 non
369 3837 535 3899 auctoritas
557 3852 598 3898 ss.
621 3836 759 3913 Patrnnr3
789 3836 911 3899 tertium
935 3842 966 3900 et
988 3844 1128 3920 quartani
1149 3828 1330 3921 profandius

89 3922 226 3984 stadinna
247 3928 279 3985 et
301 3922 490 4003 experientia
514 3928 562 3984 sat
584 3938 740 4004 superque
762 3922 905 4001 ostendit.
1227 3946 1231 3953 ·

181 4009 215 4079 2.Ι
255 4008 416 4073 Lectorern
438 4012 472 4071 in
494 4006 646 4087 odjnncto
669 4016 783 4091 poetae
805 4013 892 4072 socri
914 4011 1096 4090 transferat,
1113 4012 1146 4072 in
1168 4011 1238 4090 ejas
1259 4010 1332 4073 cnl-

91 4103 186 4157 taroe
218 4096 511 4176 rettptoro-attcoc
545 4096 648 4179 poto
671 4096 814 4174 collocet,
836 4105 901 4171 oat,
924 4099 979 4160 abi
995 4097 1244 4177 anctorejasqne
1267 4096 1331 4160 c'ir·

89 4183 303 4244 cnmctairtioe
324 4201 389 4244 non
411 4184 595 4245 ncnarotias
617 4184 760 4264 copnilae
783 4193 871 4261 sant,
894 4187 928 4247 in
949 4199 1059 4264 penore
1078 4182 1228 4261 satorem,
1251 4180 1332 4265 qaae

81 4270 170 4346 jaca
190 4268 363 4344 subierant,
385 4270 561 4350 capnitionc
586 4269 714 4347 inrbnat,
732 4277 763 4331 et
784 4288 890 4332 eoram
911 4270 1070 4332 desideria
1090 4288 1128 4331 ac
1151 4288 1247 4332 sertso
1269 4272 1332 4333 clo-

89 4361 171 4416 ceol.
194 4353 246 4417 Sic
269 4353 307 4415 nd
329 4354 459 4435 plurium
468 4355 655 4418 Psalrnorurn
676 4356 956 4438 interpretationem
967 4354 1081 4417 suffieit
1094 4357 1185 4435 scire,
1210 4362 1331 4436 poetam

89 4456 214 4501 saemnr
235 4440 458 4503 calamitatibus
467 4440 565 4504 fuisse
583 4458 735 4522 pressum,
754 4444 790 4504 in
814 4440 905 4503 exilio
928 4440 1054 4520 vixisse,
1077 4441 1221 4525 populum
1244 4462 1331 4506 sunm

89 4524 265 4608 dispersum
286 4532 320 4589 et
339 4527 508 4593 secanam
529 4522 720 4592 donasiatum
742 4528 940 4608 deplorasse3
973 4528 1005 4593 in
1027 4529 1095 4594 aliis
1116 4530 1241 4595 occasio
1264 4536 1332 4594 erat
