2834 4896
115 196 158 258 82

117 369 368 446 connascendnm
390 365 584 431 mutandos
607 387 677 430 esse
697 367 803 446 sontes
826 374 889 426 tam
912 365 1087 442 hebraicos,
1122 365 1307 428 chaldaicos
1327 375 1352 428 et

116 454 309 535 redimitas,
333 463 398 539 tem
419 473 553 532 praeces
576 471 754 523 commones
777 452 950 514 eidudttet't
968 453 1240 530 proeliantium
1259 472 1352 532 prae·

116 548 163 602 ter
182 541 314 600 ‘cilicias
338 547 369 599 et
392 539 497 601 lateas
520 544 616 603 etiam
638 538 830 604 christianos
851 537 898 612 *)·
990 538 994 548 ’

200 625 229 686 2.
253 623 290 684 In
314 624 405 686 tibris
428 626 585 702 hebraice,
608 635 639 688 et
660 629 694 687 in
717 643 824 686 eoram
854 623 1001 702 partibus
1024 624 1188 686 chaldaice
1211 626 1353 686 encratis

114 729 207 773 nsum
231 711 377 790 loquendi
399 710 581 773 hebraicam
603 721 634 774 et
655 712 864 787 citatttaioam¹
886 727 957 771 esse
990 711 1192 789 sequendam,
1215 710 1353 789 alioquin

113 796 209 876 focile
233 797 428 875 inteltipitnr.
459 797 630 873 Quemnam
651 806 754 860 aetem
776 813 866 857 nsum
890 795 1036 873 loquendi
1057 797 1194 874 rinpaiis
1218 797 1254 857 in
1277 797 1353 858 iocis

115 881 267 944 librorum
288 900 484 961 mascarum,
506 884 526 944 i.
551 901 578 944 e.
601 900 673 944 num
696 900 852 964 graecum,
872 879 1117 957 ’hellenisticunn
1147 896 1188 943 an
1211 880 1353 943 christia-

115 982 186 1028 num
201 967 246 1041 (in
263 965 296 1029 N.
310 967 361 1040 T.)
374 971 465 1048 sequi
484 977 631 1049 oporteat
652 970 862 1047 interpretem,
885 968 1004 1045 triptici
1026 969 1119 1031 mado
1141 972 1354 1046 capnosrr'tttc,

114 1063 146 1114 tt
175 1055 299 1135 quidem
330 1072 371 1115 ec
400 1058 525 1116 ratione
553 1072 686 1129 sensas,
717 1054 961 1132 eprommotica
993 1054 1233 1115 constructione
1265 1063 1296 1116 et
1316 1072 1353 1123 se

114 1139 277 1202 &montoir
299 1140 439 1200 indiciis.

199 1231 239 1301 a)
262 1226 312 1288 Ea
333 1227 456 1286 ratione
478 1244 614 1299 sensns;
635 1244 709 1287 nam
736 1228 886 1306 quemvis,
915 1225 988 1286 irinc
1010 1242 1047 1285 eo
1070 1225 1176 1303 mopis
1197 1243 1224 1286 s.
1248 1229 1352 1304 scrip-

114 1319 212 1373 torem
234 1311 360 1391 stapulo
392 1312 490 1372 verba
512 1321 543 1372 et
561 1313 698 1392 phrases
719 1314 764 1373 ito
796 1329 979 1390 usurpasse,
1003 1319 1039 1371 at
1059 1321 1154 1390 aptes
1177 1313 1253 1372 inde
1272 1330 1351 1390 pro·

113 1397 188 1459 dent
218 1415 343 1471 sensus,
377 1406 461 1458 recte
495 1401 707 1477 supponitar;
730 1399 842 1458 etenim
863 1398 992 1458 nonmsi
1012 1398 1104 1461 statii
1125 1405 1158 1459 et
1178 1399 1353 1461 delirantes

114 1485 210 1543 entant
242 1500 420 1554 sermones,
455 1485 509 1562 qni
538 1492 595 1545 aot
625 1484 762 1558 nattam,
792 1492 850 1544 aet
880 1487 1017 1560 ineptam
1046 1482 1186 1560 tandum
1218 1501 1353 1553 sensnm

45 1634 47 1639 ,
115 1566 231 1640 Quodsi
253 1568 357 1649 itaque
379 1568 466 1631 locus
490 1568 611 1649 qnidam
629 1586 669 1630 ex
686 1585 744 1632 usu
766 1567 911 1647 loquendi
933 1584 1048 1649 graeco
1071 1567 1244 1650 explicatus
1263 1569 1353 1650 inep-

113 1659 186 1730 tum,
211 1660 316 1717 contra
339 1671 414 1715 vero
438 1673 478 1716 ex
500 1655 691 1717 hellenistioo
714 1655 880 1716 iliustratus
901 1653 1103 1719 commodum¹
1124 1655 1256 1735 praebet
1278 1672 1352 1717 sen.-

113 1756 199 1802 sum:
233 1756 309 1800 non,
329 1739 453 1822 graeci,
481 1739 537 1802 sed
571 1740 753 1803 heltonistici
786 1738 889 1802 iontes
925 1739 1086 1802 adhibendi
1117 1746 1207 1817 sunt,
1232 1747 1265 1801 et
1287 1741 1352 1803 vioe

112 1843 212 1887 versa.
257 1825 389 1893 lterisi
412 1826 521 1888 eloco
556 1827 706 1905 quodam,
743 1827 794 1906 qui
817 1844 857 1887 ex
879 1843 937 1887 usu
969 1826 1116 1904 loquendi
1139 1833 1201 1888 tum
1225 1844 1352 1909 graeco,

112 1917 174 1972 tom
196 1910 398 1976 hellenistioio
422 1914 592 1994 exponitur,
616 1931 678 1974 non
702 1919 800 1993 aptus,
824 1931 849 1972 o.
863 1919 928 1973 ntra
951 1929 1038 1988 nero,
1055 1911 1178 1992 quando
1202 1931 1245 1974 ex
1268 1913 1351 1975 chri-

111 1998 209 2061 stiano
232 1997 408 2075 illustratur,
423 2016 516 2060 sanus
539 1999 640 2079 prodit
662 2016 790 2060 sensus:
814 1998 873 2060 hoo
897 2006 983 2060 certo
1006 2003 1056 2059 est
1076 1998 1203 2075 indicio,
1220 1997 1272 2060 hio
1296 2017 1353 2062 neo

112 2100 378 2164 protectioneque
409 2083 627 2160 hellenisticos,
651 2084 706 2145 sed
738 2084 919 2145 christianos
941 2082 1118 2165 sequendos
1142 2101 1216 2147 esse
1239 2084 1352 2151 fontes.

112 2168 196 2230 idern
219 2168 404 2248 quandoque
428 2170 625 2251 cognoscitur

198 2255 233 2329 b)
257 2273 297 2317 ea
318 2259 523 2334 psammetieo
545 2259 700 2316 sermome
723 2255 840 2317 tabita.
886 2255 924 2315 St
943 2274 1051 2334 nempe
1071 2254 1179 2334 formo
1201 2257 1352 2319 vocatott

111 2349 161 2402 est
181 2340 346 2418 hebreico,
380 2343 431 2404 aei
451 2344 482 2403 si
502 2342 630 2403 aeriam
650 2359 798 2419 praecem
829 2344 1026 2403 construitur
1047 2360 1119 2404 cum
1140 2342 1275 2413 casibus
1298 2351 1352 2413 aet

108 2427 407 2508 praepositionibus,
441 2428 625 2506 qaibnscnm
646 2446 666 2488 a
690 2426 821 2488 Graecis
851 2445 924 2502 non,
947 2428 1023 2489 bene
1045 2446 1122 2489 cero
1144 2430 1180 2489 in
1202 2427 1352 2491 hebraica

110 2513 162 2574 aei
193 2515 356 2574 oramoieo
391 2532 535 2575 sermone
557 2515 702 2574 cortstrni
724 2513 825 2573 solet:
848 2514 941 2574 etiam
963 2514 1014 2575 irie
1037 2513 1242 2591 manifestum
1263 2515 1353 2578 adest

110 2598 270 2674 indiciam,
292 2601 327 2658 in
349 2600 418 2660 loeo
441 2600 498 2659 toti
520 2608 680 2660 auctorem
702 2617 793 2659 asara
818 2599 964 2676 loqrtendi
985 2599 1168 2663 hebraicum
1190 2602 1296 2679 sequi,
1313 2618 1352 2663 oo

107 2685 241 2763 proinde
264 2686 463 2764 interpretem
485 2703 501 2745 e
525 2683 842 2763 correspondentibus
862 2681 1002 2762 fontibus
1023 2685 1155 2747 Murice
1177 2685 1304 2763 debere,
1322 2694 1353 2761 et

111 2770 179 2829 vice
202 2786 305 2831 serso.
329 2801 369 2814 -—
392 2768 475 2831 Idem
498 2769 631 2849 denique
654 2767 815 2849 dijudicari
837 2771 951 2849 poterit

197 2862 228 2927 c)
250 2874 291 2916 etr
313 2854 476 2917 historicis
498 2857 651 2928 indiciis;
672 2857 703 2917 si
725 2857 870 2917 nimirum
903 2857 1215 2936 attenditinterpres
1247 2863 1287 2933 n)
1308 2876 1352 2931 aa

109 2939 206 3002 aerbo
227 2942 465 3020 interpretanda
486 2943 615 3003 citatem
636 2959 653 3001 e
679 2940 710 3000 V.
728 2939 761 3001 Τ.
784 2943 972 3018 contineant,
995 2944 1046 3003 cet
1066 2944 1110 3003 ad
1132 2953 1351 3026 ornamentum

112 3025 144 3087 V.
167 3026 201 3089 T.
223 3026 335 3088 saltem
357 3026 511 3102 alludant,
536 3043 596 3106 quo
619 3027 650 3087 in
674 3043 747 3087 casu
770 3027 886 3087 auctori
910 3028 1013 3089 citanti
1036 3027 1085 3088 vel
1109 3027 1257 3091 alludenti
1283 3045 1349 3090 cunr

108 3113 154 3175 rei
172 3119 223 3173 aut
245 3113 415 3173 sententiae
438 3111 652 3172 recordatione
669 3112 774 3191 utique
794 3113 882 3173 etiarn
898 3114 991 3174 verba
1010 3113 1153 3174 hebraica
1178 3132 1349 3196 eorumque

108 3202 245 3279 potestas
261 3196 351 3261 iacile
369 3198 400 3259 in
423 3203 555 3258 mentem
577 3197 683 3257 vestire
706 3202 862 3276 poterant3
885 3198 924 3276 β)
937 3218 1010 3260 nam
1029 3199 1170 3277 formala
1193 3203 1349 3280 quaedam

108 3284 319 3345 consideratis
343 3283 486 3344 omnibns
508 3283 579 3359 ejus
598 3281 746 3360 partibas
765 3282 945 3362 [coqnenter
962 3293 992 3346 et
1008 3287 1105 3347 celati
1128 3287 1295 3349 ordinarie
1317 3290 1349 3348 in

106 3368 323 3444 tettentstten,
345 3377 457 3430 contra
478 3386 553 3428 cero
575 3368 626 3428 aet
647 3386 733 3444 roro,
748 3368 800 3431 oei
818 3386 976 3449 annonam
998 3373 1032 3432 in
1051 3374 1178 3450 praecis
1200 3376 1348 3467 mrim

108 3452 167 3515 tos
200 3463 363 3530 occurrat,
387 3462 417 3515 et
438 3455 505 3515 oiee
539 3471 655 3527 versa;
677 3455 708 3514 si
730 3454 811 3514 itlnd
834 3455 934 3514 locem
964 3454 1176 3531 hebetatas
1200 3444 1349 3538 iodoendi

106 3537 321 3600 hellenisticns
332 3560 344 3611 ;
367 3541 480 3618 quodsi
501 3539 634 3601 aiterum
656 3546 790 3615 constat,
813 3558 947 3617 praeces
970 3549 1018 3602 est
1038 3544 1240 3621 sequendns;
1256 3547 1346 3606 deni-

107 3641 166 3705 qne
197 3626 231 3701 y)
254 3632 357 3684 atram
379 3634 492 3687 anctos·
520 3624 592 3685 libri
625 3627 725 3704 mapis
757 3643 909 3703 praseae,
933 3645 974 3685 on
1003 3628 1105 3689 solnm
1127 3628 1347 3693 hellenisticoe

103 3709 229 3790 peritas
248 3707 355 3785 faerit,
379 3707 460 3786 quod
483 3727 524 3770 ex
544 3711 651 3794 patria,
674 3716 777 3790 gente,
802 3708 994 3789 educatione,
1008 3711 1088 3774 vitae
1112 3713 1295 3778 conditione
1319 3721 1349 3776 et

106 3793 230 3875 scriptis¹
254 3793 321 3873 ejus
344 3811 536 3874 cognoscere
558 3795 762 3875 licet5priori
778 3797 811 3855 in
827 3814 905 3858 casn
927 3801 1232 3879 supponendas-erit
1249 3820 1348 3883 prae:

106 3897 181 3953 ans,
215 3880 248 3939 in
278 3878 380 3938 attero
408 3878 620 3947 tettentso‘eos
644 3881 791 3961 manendi
821 3900 902 3943 asoa
923 3884 957 3944 in
989 3884 1125 3965 sinuatis
1158 3886 1261 3965 locis,
1283 3876 1349 3949 rt't'st'

105 3965 248 4069 ratiopes
271 3961 462 4067 sufficientes
483 3968 676 4027 oonaariam
697 3967 837 4028 deceant.

136 4168 219 4253 '‘j'uid
236 4168 318 4301 Ἢ..
336 4180 453 4266 οΰιίοίειηί
470 4185 607 4251 pauciores
626 4191 652 4235 ot
668 4182 788 4234 latinismi
806 4186 926 4265 'notiores
945 4192 1012 4267 sunt,
1031 4202 1106 4269 quern
1125 4194 1265 4265 uteorum
1284 4189 1348 4242 ion·

188 4258 264 4370 {iis-⁸
271 4249 1349 4392 „2¹22ssssp{tufflgffimssssfftgssffifflg,5⁰2²Jssmssbssssffgiffifflffl

188 4388 348 4452 mettii.

82 4498 160 4544 ἡ,
246 4500 251 4509 .
