2834 4896
489 308 711 409 Scotto
753 310 881 406 ΙΙΙ.

179 488 234 560 De
261 509 369 562 sensu
404 485 613 558 inveniendo
642 510 705 582 por
732 489 963 560 conditionem
993 491 1173 584 loquentis.

122 828 244 883 Persona
262 826 393 897 loquentis
413 828 545 895 interpreti
563 836 624 879 nota
643 831 683 892 sit,
703 839 814 896 oportet,
834 840 860 881 et
877 831 947 883 unde
966 831 1031 884 harre
1050 834 1246 901 cognoscatur?

145 972 250 1037 duero
260 990 438 1054 supremum
450 968 699 1034 termeneuticue
712 976 900 1054 principium
910 982 1038 1055 proeter
1048 997 1139 1038 nsum
1157 979 1307 1059 loquendi

57 1070 88 1125 et
109 1060 274 1123 orationis
296 1068 474 1123 contentum
489 1061 589 1120 etium
613 1060 750 1121 corrditio
775 1061 929 1143 loquentis
953 1069 1016 1124 tone
1048 1064 1184 1143 interno,
1215 1083 1308 1145 quaer

58 1158 196 1211 aeterno
217 1149 381 1227 interpreti
403 1155 451 1208 est
471 1147 681 1225 respiciendo,
706 1149 780 1225 quio
802 1149 873 1208 inde
897 1149 1016 1210 demum
1036 1150 1134 1229 pleno
1156 1150 1309 1231 dependet

59 1253 177 1297 seusus
197 1235 348 1313 repudio,
371 1235 419 1294 uti
436 1251 496 1311 per
518 1234 684 1294 decursum
706 1234 802 1311 nujus
824 1235 976 1296 sectionis
995 1236 1123 1315 putabit.
1170 1236 1209 1300 Ut
1230 1255 1307 1298 oero

61 1320 256 1384 conditionis
278 1318 374 1399 iuius
397 1318 500 1380 debito
523 1317 633 1381 iuberi
651 1321 757 1400 possit
778 1322 915 1401 eopnitio
932 1330 962 1385 et
982 1324 1170 1399 rotio‚scire
1192 1342 1307 1387 neces-

64 1408 187 1470 sarium
208 1412 280 1468 est:

156 1493 182 1554 1.
205 1490 357 1567 Quisnam
373 1492 423 1553 sit
444 1490 604 1572 loquens?
636 1490 704 1554 Hoc
726 1494 759 1553 in
781 1510 816 1553 re
850 1494 1021 1571 poneretine
1042 1513 1177 1574 sequens
1198 1494 1308 1575 repnio

65 1579 198 1641 tenende
219 1576 485 1659 est.·Lopuentern
507 1577 609 1657 ipsum
628 1586 790 1640 duetorem
814 1578 886 1639 iibri
908 1581 1026 1642 tamdiu
1049 1580 1177 1658 debens,
1195 1599 1307 1661 quorn-

61 1666 116 1728 diu
139 1667 338 1727 eontrarium
368 1683 431 1726 riou
454 1673 539 1747 certo
571 1673 696 1726 constet
714 1662 762 1741 1).
787 1700 828 1709 -
851 1662 1018 1728 Auctorem
1047 1686 1123 1730 cero
1147 1668 1222 1729 iibri
1243 1685 1306 1728 non

61 1770 135 1813 esse
160 1752 346 1833 toquentem,
369 1750 529 1813 indubium
553 1760 618 1812 est:

147 1840 188 1912 a)
209 1836 246 1898 Si
267 1836 411 1919 iiieipse
434 1838 549 1899 diserte
572 1836 668 1899 olium
702 1836 876 1915 iopnentern
912 1836 1038 1915 inducit,
1061 1841 1169 1919 menti
1189 1837 1249 1900 doe
1272 1839 1306 1900 in

58 1925 167 1986 satoris
202 1922 309 2001 libris,
340 1931 373 1985 'et
401 1925 574 2003 praecipue
606 1924 641 1985 in
674 1922 857 2002 Eoorrpeiiis
892 1927 1078 2003 saepissime
1110 1926 1182 2004 fieri
1214 1923 1304 1987 solet.

58 2008 155 2086 Quod
173 2010 231 2071 ubi
252 2010 354 2071 iocum
373 2010 473 2086 debet,
485 2010 665 2089 interpretis
680 2019 729 2071 est
746 2008 844 2088 probe
867 2012 1035 2087 attendere,
1049 2012 1177 2073 ubinam
1194 2018 1306 2073 unctor

59 2099 129 2178 ipse
158 2097 258 2175 finitis
288 2096 394 2158 verbis
424 2097 538 2159 olienis
569 2096 656 2174 tiiurn
685 2098 840 2157 orationis
873 2107 1065 2175 reassumot,
1096 2099 1178 2179 qnod
1204 2096 1303 2176 focile
1364 2086 1372 2101 ’

58 2184 271 2262 capnoseitur,
282 2184 312 2244 si
334 2182 436 2245 orotio
459 2182 565 2244 alieno
586 2183 706 2244 olorum
730 2182 823 2244 dedet
843 2183 1028 2259 etorrsrdour,
1045 2193 1102 2247 out
1117 2184 1148 2246 si
1167 2202 1303 2264 sequen-

61 2270 108 2332 tia
130 2276 276 2349 opertum
296 2269 420 2331 initium
441 2268 596 2331 orationis
617 2268 670 2332 oei
690 2270 887 2331 narrationis
908 2287 1008 2330 noeoe
1028 2289 1109 2349 pree
1132 2289 1166 2333 se
1182 2268 1303 2349 ¹ferunt.

64 2354 124 2418 Ubi
145 2372 222 2416 vero
244 2355 323 2418 tuiiu
344 2354 464 2416 indicio
494 2356 614 2431 desunt,
645 2362 759 2416 nature
783 2355 937 2415 dictorum
959 2357 1069 2417 sedulo
1093 2355 1306 2419 eeomiuandu

64 2451 121 2519 est,
146 2449 179 2502 et
200 2461 240 2503 en
261 2441 369 2503 eddom
398 2442 643 2520 dijudicandum,
676 2460 749 2503 nuru
772 2441 815 2502 od
847 2441 982 2502 alienum
1005 2441 1106 2504 adnue
1131 2444 1304 2505 orationem

65 2527 248 2608 adjiciendo
271 2527 345 2605 sint,
368 2546 410 2589 on
430 2538 508 2590 vere
528 2529 594 2608 ipsi
616 2528 740 2589 auctori
760 2546 818 2589 eeu
842 2526 980 2607 loquenti
1000 2528 1173 2593 tribuendo.
1198 2526 1253 2590 'V.
1276 2546 1305 2609 g.

65 2615 116 2677 tn.
142 2614 173 2693 1,
195 2614 248 2677 22.
272 2610 324 2675 23.
347 2610 429 2691 3,’3.
453 2613 558 2690 Jo.·i‚
583 2612 633 2674 15.
657 2630 722 2695 seq.
777 2623 778 2626 ’

154 2700 192 2777 b)
215 2700 250 2760 st
272 2706 393 2776 auctor,
414 2716 507 2783 ⁵quere
533 2700 626 2780 prius
659 2700 761 2762 uitato
794 2705 894 2777 erent,
929 2700 1055 2779 refutet,
1089 2700 1141 2763 ubi
1171 2719 1212 2762 ex
1240 2700 1305 2782 ipsa

66 2786 124 2849 hac
146 2786 332 2849 refutatione
355 2791 445 2848 antea
478 2784 626 2849 dictorum
650 2784 797 2867 colligere
830 2784 912 2863 lieet,
947 2786 1055 2849 eadern
1089 2786 1307 2849 dubitationem

68 2874 116 2936 vel
142 2872 362 2955 objectionem²
382 2872 418 2933 ab
443 2872 502 2935 alio
524 2872 574 2934 vei
596 2872 672 2935 otius
703 2871 826 2934 nomine
857 2878 979 2951 motam,
1011 2890 1081 2936 esse
1104 2872 1254 2949 habenda,
1278 2891 1306 2933 v.

69 2978 96 3045 g.
120 2958 208 3023 Rom.
232 2956 263 3037 6,
288 2957 318 3020 1.
343 2957 393 3021 15.
408 2957 446 3037 t,
470 2954 499 3018 7.
524 2956 573 3020 13.
597 2958 633 3020 at.

154 3046 186 3108 2.
209 3044 290 3108 Num
313 3044 443 3127 loquens
461 3064 477 3106 e
492 3048 562 3122 sud,
575 3064 617 3106 on
632 3064 671 3107 eu
693 3044 826 3106 atterius
847 3046 1003 3109 sententid
1025 3044 1142 3108 dicerit
1147 3042 1204 3117 ;srt
1226 3041 1308 3105 enim

70 3138 301 3213 nonnunquam,
321 3138 356 3192 nt
377 3129 518 3210 loquens,
542 3131 607 3193 sive
630 3130 670 3193 sit
691 3135 798 3193 auctor
819 3128 895 3213 ipse,
908 3130 985 3193 sive
1008 3130 1095 3210 alius,
1115 3149 1176 3193 non
1200 3148 1217 3191 e
1241 3147 1307 3207 sua,

70 3216 126 3281 sed
149 3234 192 3280 ex
213 3217 290 3280 alius
323 3217 373 3280 vel
397 3216 524 3279 aliorum
557 3217 758 3298 persuasione
788 3223 840 3279 aut
861 3217 983 3279 nomine
1005 3218 1099 3280 verba
1122 3216 1224 3293 faeiat,
1248 3235 1308 3297 quo

69 3305 97 3367 in
121 3312 199 3368 eas'u
219 3303 342 3387 proprie
366 3302 516 3365 sententia
540 3304 607 3385 eJus
631 3303 728 3381 adest,
752 3303 839 3384 cujus
873 3305 996 3366 nornine
1018 3322 1046 3365 v.
1070 3322 1088 3366 e
1112 3304 1199 3385 eujus
1235 3321 1310 3383 per-

71 3390 217 3453 suasione
239 3390 370 3471 loquens
394 3389 527 3467 disserit,
552 3396 583 3451 ot
604 3389 732 3471 proinde
763 3389 912 3451 dictorum
943 3407 1053 3452 sensus
1083 3409 1145 3452 non
1168 3390 1207 3452 ad
1231 3408 1310 3451 eon-

71 3477 219 3541 ditionem
240 3477 270 3539 lo
294 3476 405 3554 uenus,
425 3476 481 3539 sed
503 3476 584 3537 illius
609 3475 780 3558 exigendus
805 3483 862 3553 est,
887 3475 974 3554 eujus
997 3476 1119 3537 nomine
1144 3475 1175 3537 fit
1198 3494 1310 3551 senno,

71 3581 98 3625 v.
121 3582 152 3647 g.
176 3562 228 3624 nt.
254 3495 304 3640 d,
326 3562 356 3625 2.
380 3558 411 3623 3.
444 3560 521 3624 Hine
544 3561 660 3625 solidae
682 3561 808 3644 regulae
827 3562 955 3643 junctim
990 3562 1208 3644 proponendae
1231 3568 1311 3640 sunt,

72 3648 242 3712 seeundum
273 3666 348 3729 quas
383 3655 469 3710 certo
502 3649 711 3731 cognescitur,
744 3647 795 3710 ubi
828 3646 936 3729 quise
960 3666 1025 3727 sua,
1049 3649 1313 3712 ubiexaliorum

71 3734 224 3796 sententia
255 3733 350 3797 verba
381 3732 483 3813 saciat,
509 3733 590 3814 quod
613 3753 652 3797 eo
674 3735 771 3817 magis
803 3734 1013 3797 necessarium
1035 3735 1197 3809 invenitur,
1221 3752 1313 3814 quarn

71 3838 132 3882 non
154 3816 286 3899 'desint,
311 3820 363 3903 qui
396 3825 548 3900 statuant,
583 3827 725 3882 auctores
759 3836 801 3883 ss.
823 3820 969 3882 librorum
993 3821 1028 3882 N.
1052 3822 1085 3883 T.
1111 3829 1141 3884 et
1164 3820 1313 3882 Christurn

72 3906 170 3988 ipsum
192 3923 256 3967 non
277 3912 403 3985 tantum,
416 3904 499 3989 quod
522 3905 642 3968 doetori
663 3907 760 3987 probo
782 3906 939 3986 licetine
963 3912 994 3969 et
1016 3909 1162 3989 magistro
1184 3905 1313 3986 sapienti

72 3992 282 4055 necessarium
307 3999 365 4069 est,
387 3991 611 4075 paedagogice,
634 3993 799 4073 moraliter,
823 3995 991 4057 aesthetioe
1013 4000 1045 4056 et
1065 3992 1208 4075 negative
1232 3991 1314 4074 dog-

73 4078 201 4156 matice3
236 4077 292 4141 sed
325 4078 426 4156 etiarn,
458 4077 540 4160 quod
573 4079 695 4161 impium
718 4078 809 4160 foret,
839 4082 971 4163 positive
993 4080 1165 4161 dogmatice
1189 4078 1315 4139 aliorum

74 4164 232 4227 erroribus
255 4170 354 4227 semet
377 4165 639 4245 accommodasse,
662 4166 682 4227 i.
706 4184 732 4229 e.
757 4184 851 4248 saepe
874 4186 914 4229 ex
937 4167 1062 4228 aliorum
1086 4162 1161 4227 falsa
1185 4172 1315 4228 senteu-

114 4471 144 4537 *)
164 4469 215 4533 Qui
230 4469 284 4535 iun
296 4474 360 4529 ,siut
370 4473 531 4542 singulorum
550 4473 672 4525 librorum
685 4484 736 4527 turn
747 4474 776 4524 V.
784 4482 838 4525 urm
845 4472 875 4526 N.
885 4470 911 4524 Τ.
920 4480 1051 4539 austeres,
1060 4472 1217 4605 introdpetio
1230 4472 1315 4526 deest
