2834 4896
58 301 238 387 indigentiis
268 308 394 382 certae,
423 302 526 387 gentis
558 300 753 386 provinciae,
786 303 871 368 urbis
894 307 964 384 etc,
987 308 1019 368 et
1040 300 1162 385 quibus,
1190 320 1232 367 ex
1251 302 1300 368 his

58 391 140 453 dicta
164 398 350 472 congruunt,
373 408 410 453 ea
432 391 499 472 ipsa
521 391 672 453 sunnonis
696 392 893 455 occasionem
915 390 1013 454 fuisse
1036 389 1210 454 tenendum.

145 476 314 538 Consilium
337 477 492 557 loquentis
516 478 716 557 cognoscitur
739 477 873 559 denique

142 564 175 625 3.
200 581 217 624 e
248 564 432 627 charactere
465 565 580 626 morali
602 572 632 625 et
653 566 778 626 cultura
800 564 960 645 spirituali
983 564 1149 645 loquentis,
1177 559 1298 625 collatis

55 668 91 711 ue
115 648 290 731 applicatus
312 647 428 731 regulis
452 654 482 725 §.
506 648 535 710 9.
558 648 736 732 propositis.-

632 844 662 913 ς.
682 834 733 902 to.

428 970 459 1025 ll.
477 972 517 1027 Dc
536 974 613 1026 animi
630 974 761 1044 loquentis
784 970 932 1026 allectione.

142 1116 208 1179 Per
228 1118 326 1180 animi
346 1116 540 1199 affectionem
565 1119 722 1199 loquentis
743 1112 1069 1199 (Gemtithstimmung)
1091 1112 1299 1193 intellipimtts

55 1205 157 1267 mimi
186 1201 263 1281 ejus
291 1214 408 1267 statum
436 1214 493 1267 aut
520 1206 789 1286 tranquilliorem,
810 1213 867 1267 aut
887 1212 971 1267 motu
992 1204 1126 1284 quolam
1147 1198 1300 1280 effectuae

56 1290 282 1353 vehementiori
321 1292 488 1353 recitatum
521 1310 558 1354 aa
592 1294 740 1371 temporis
781 1300 954 1368 momento,
986 1302 1047 1371 quo
1081 1288 1179 1351 cerba
1208 1287 1300 1366 facit.

58 1376 184 1439 Hancne
204 1376 364 1457 interpreti
386 1377 610 1458 respiciendam
633 1395 714 1457 esse,
737 1377 808 1439 inde
830 1383 926 1457 patet,
950 1376 1020 1457 quia
1043 1375 1152 1437 docet:

150 1460 309 1524 tticum
331 1462 416 1526 dicta
435 1482 495 1543 pra
529 1466 615 1526 amni
636 1468 696 1528 rua
728 1466 762 1527 ci
792 1464 1012 1545 intelliqcnda,
1035 1480 1078 1524 an
1100 1468 1185 1523 certo
1207 1457 1301 1521 modo

62 1548 280 1629 restrinqemla
301 1552 386 1624 siat5
417 1552 528 1612 etenira
551 1554 604 1631 qui
637 1551 807 1631 tranquillo
830 1558 880 1613 cst
900 1552 1016 1626 animo,
1040 1548 1138 1611 cerba
1159 1564 1220 1608 sua
1240 1547 1302 1607 rltc

54 1636 271 1713 perpendam
292 1636 348 1715 qui
368 1653 444 1697 cero
466 1638 688 1700 uehementiori
709 1636 822 1718 affectu
843 1636 1008 1716 abripitur,
1032 1654 1097 1697 rem
1114 1636 1205 1713 justo
1225 1632 1301 1711 plus

56 1724 107 1783 oct
127 1737 244 1801 cupere
265 1721 319 1783 cel
338 1723 529 1801 imminuere,
552 1742 590 1785 ac
610 1725 706 1804 proin
739 1723 936 1804 hyperbolice
960 1722 1046 1800 loqui
1067 1722 1156 1783 solet.
1201 1718 1303 1794 Quam

52 1807 194 1886 primum
220 1808 326 1887 itaque
353 1817 488 1884 cunctat,
518 1809 693 1889 loquentem
714 1810 936 1873 uehementiori
967 1807 1103 1888 quodam
1124 1806 1300 1868 incaluisse

55 1890 184 1973 affeetu,
206 1890 293 1954 baud
314 1894 380 1955 lere
402 1895 493 1957 odeat
513 1897 673 1972 indicium,
697 1898 867 1958 dictanais
889 1895 933 1957 aa
955 1895 1052 1955 latum
1072 1912 1206 1972 umquem
1227 1908 1298 1954 estc

53 1978 246 2059 premenda,
278 1979 336 2042 sed
369 1989 526 2061 tamqnam
555 1982 758 2064 hyperbolem
787 1984 969 2063 plerumque
995 1980 1187 2060 mitiqamla5
1217 1993 1246 2037 u.
1269 1994 1303 2059 g.

55 2062 150 2127 liebr.
175 2066 207 2142 5,
232 2055 282 2127 tt.
308 2064 376 2129 coll.
400 2084 469 2129 cum
491 2066 522 2147 6,
546 2066 575 2131 9.

145 2148 177 2212 2.
201 2150 361 2226 Quacrtam
382 2154 426 2215 sit
445 2156 529 2217 ratio
552 2156 717 2227 dictarum,
737 2173 767 2215 r.
789 2174 819 2237 g.
841 2152 913 2216 lobi
935 2148 966 2231 3,
990 2148 1109 2215 3-23.
1140 2146 1209 2212 colb
1233 2164 1302 2210 cum

54 2254 82 2297 r.
108 2236 267 2312 24-26.;
290 2234 620 2318 berem.20,14-18.
645 2240 713 2302 coll.
737 2259 805 2303 cum
828 2259 855 2301 v.
879 2236 1014 2314 t-tu.;
1035 2238 1086 2299 Mt.
1101 2228 1150 2316 tt,
1172 2235 1204 2300 4.
1229 2228 1300 2295 coll.

56 2340 126 2385 cum
150 2322 223 2385 Luc.
246 2322 278 2402 9,
301 2322 371 2401 33.;
393 2316 479 2387 Rom.
503 2324 534 2405 9,
558 2324 586 2388 3.
613 2322 682 2388 coll.
706 2344 774 2388 cunr
797 2346 824 2388 v.
853 2326 879 2388 l.
902 2324 932 2387 2.

143 2408 182 2557 3:¹
199 2408 286 2559 (baffia
307 2412 354 2559 qiq
371 2411 537 2561 cquarum
559 2412 762 2495 abreptarum
780 2414 814 2475 iu
835 2410 1023 2494 quibasdam
1044 2408 1126 2471 lacis
1144 2413 1301 2491 potestur,

55 2513 83 2556 r.
132 2542 141 2557 .
184 2511 213 2559 ο.
279 2540 289 2569 ,
358 2546 362 2554 .
431 2544 438 2559 .

108 2514 233 2657 g(latae
254 2601 331 2645 cero
349 2582 449 2663 fucrit
469 2584 568 2647 animi
589 2584 757 2667 dispositio
780 2586 936 2668 loqueatis
958 2580 1180 2663 coqnascitur:

144 2666 190 2743 a]
206 2666 257 2729 Ea
285 2676 398 2749 aperta
429 2689 474 2732 ss.
505 2673 694 2752 scriptoram
727 2674 949 2743 annotationer
981 2669 1028 2731 sic
1054 2685 1084 2728 u.
1108 2685 1138 2749 g.
1167 2664 1216 2727 lo.
1248 2658 1300 2741 tt,

58 2750 109 2815 33.
134 2750 187 2815 35.
208 2751 314 2837 lesus,
337 2772 406 2817 cum
428 2750 553 2818 hiarium
576 2764 608 2819 ct
630 2757 767 2821 ludaeos
789 2758 945 2839 plorantes
966 2753 1096 2829 videret,
1127 2748 1300 2813 vehemen-

57 2845 105 2901 ter
128 2838 229 2901 animo
264 2846 434 2903 commotus
455 2839 563 2920 fuisse,
596 2843 668 2905 dein
690 2849 722 2907 et
742 2844 809 2925 ipse
831 2844 983 2927 lacrymas
1005 2838 1122 2902 fudisse
1144 2841 1302 2914 narratum

59 2924 107 2987 ttt
136 2924 188 3003 14,
210 2924 263 2991 hb.
294 2926 445 3009 legimur,
478 2928 644 3010 discipulos
669 2931 777 2993 timore
799 2929 934 2993 turbatos
965 2926 1079 3001 tuisse,
1103 2941 1171 2985 cum
1193 2922 1300 2985 lesum

60 3026 152 3093 supra
176 3030 260 3075 mare
283 3010 485 3077 ambulantem
507 3012 656 3079 viderent.
683 3012 738 3079 ΜΓ.
762 3014 793 3093 3,
817 3019 846 3079 5.
868 3014 938 3077 Act.
962 3012 1014 3091 14,
1039 3008 1088 3074 14.
1118 3008 1184 3071 Huc
1208 3006 1300 3069 etiarn

59 3096 213 3177 pertinent
235 3098 342 3161 omnia·
356 3098 436 3175 loca,
469 3099 521 3163 ubi
549 3108 741 3183 spectatores
769 3100 877 3165 Christi
911 3117 1016 3183 opera,
1046 3102 1099 3160 aut
1120 3094 1299 3173 doctrinam,

61 3191 111 3245 aut
133 3200 208 3247 sese
230 3182 361 3267 gerendi
381 3186 530 3250 rationem
554 3187 692 3251 admirati
714 3206 785 3251 esse
810 3191 959 3251 dicuntur.

144 3268 183 3346 b)
205 3268 343 3350 qustu
365 3279 395 3335 et
410 3276 683 3352 pronuntiationis
709 3284 804 3347 tonc;
828 3294 896 3337 nom
921 3268 1108 3336 arctissimus
1129 3264 1220 3347 hujus
1252 3264 1300 3329 rei

61 3372 126 3417 cum
149 3352 263 3417 affectu
285 3374 384 3420 nexus
407 3374 529 3441 semper
551 3360 639 3423 adest
660 3360 690 3421 in
712 3360 868 3442 loquente,
892 3360 933 3423 ita
954 3364 998 3431 ut,
1021 3356 1162 3419 sianum
1187 3350 1300 3435 cogni-

61 3444 118 3503 luna
143 3447 203 3519 est,
226 3441 353 3521 alterum
374 3442 471 3507 latere
494 3446 691 3529 interpretem
711 3465 775 3509 non
797 3446 887 3511 facile
910 3444 1020 3528 possit,
1044 3461 1071 3504 v.
1095 3459 1125 3523 g.
1148 3437 1222 3503 Luc.
1248 3436 1299 3519 19,

59 3526 199 3591 42-44.
223 3526 290 3590 coll.
314 3545 382 3591 curn
404 3548 433 3592 v.
455 3529 507 3596 41.
1019 3581 1023 3587 .

144 3618 182 3689 c)
203 3612 234 3675 Ε
254 3614 440 3679 charactere
462 3618 578 3680 morali
599 3620 755 3701 loquentis
778 3616 845 3681 coll.
870 3624 900 3695 s.
924 3634 991 3698 seq.
1115 3610 1118 3615 ’

143 3698 185 3775 d)
207 3698 259 3761 Ea
279 3703 434 3764 archanis
452 3700 567 3783 torma,
592 3724 618 3766 v.
641 3724 669 3787 g.
693 3724 734 3767 ex
756 3704 886 3787 abrupto
910 3698 1032 3765 dicendi
1055 3716 1183 3783 genere,
1206 3715 1225 3758 c
1248 3694 1307 3763 di-.

50 3784 222 3864 minutivis,
244 3784 351 3867 liguris
372 3786 563 3870 repetitionis
581 3796 613 3852 et
635 3789 874 3854 exclamationis.
896 3786 1038 3871 Denique

142 3874 181 3947 e)
204 3872 412 3936 erationibus
430 3875 667 3957 psycholoqicis
689 3877 882 3956 docentibus,
893 3894 1048 3959 quaenam
1062 3890 1116 3933 rea
1131 3868 1298 3931 vehemen-

45 3960 134 4035 tius,
158 3964 191 4019 ct
215 3958 370 4037 quamodo
403 3960 537 4024 hominia
570 3964 707 4025 animum
741 3964 867 4044 afficere
901 3964 1034 4026 soleant.
1087 3954 1161 4019 Cum
1190 3961 1298 4019 nutura

40 4036 213 4105 homiuum
234 4044 265 4105 in
288 4042 456 4111 substantia
479 4047 587 4111 eadem
609 4050 659 4128 sit,
682 4051 817 4131 cognitio
852 4048 1014 4113 affectuum
1037 4042 1130 4105 ardua
1152 4058 1216 4102 nou
1239 4040 1299 4104 erit

41 4124 226 4209 interpreti,
241 4131 293 4210 qui
309 4148 344 4193 se
367 4132 487 4213 penitus
511 4132 773 4199 transformaverit
791 4136 822 4199 in
845 4136 977 4199 animum
991 4136 1021 4195 et
1037 4130 1138 4192 locum
1160 4127 1307 4211 loquen-¹

39 4208 104 4293 tis,
129 4214 265 4295 ejusque
288 4233 451 4298 personam
474 4220 541 4301 ipse
564 4222 652 4302 quasi
675 4218 817 4287 induerit.
