2834 4896
1267 201 1335 265 m

168 377 217 447 ἀ)
240 370 309 434 Aet
331 371 383 450 tu,
409 369 545 435 tu-ss.
570 389 676 435 coram
697 371 895 455 congregatis
918 371 959 433 ad
979 371 1120 434 selliloti
1142 374 1332 453 presbyteris

93 458 267 542 (episcopis
298 458 392 521 Asiae
415 460 557 533 minoris)
592 466 768 533 asseverat,
801 477 836 521 se
860 457 926 520 lere
949 477 1004 540 per
1027 458 1187 523 triennium
1212 459 1336 539 publico

91 565 129 609 ac
153 546 292 625 privatim
315 546 476 607 docentem
500 546 572 607 nihil
595 544 803 607 dissimulasse
827 563 943 615 eorum,
959 563 1038 625 quae
1061 545 1099 606 ad
1122 544 1211 607 iidem
1233 544 1334 627 perti-

89 639 187 695 neant
210 631 302 694 etad
334 633 464 694 satutem
496 631 628 694 lidelium
661 639 811 712 spectent,
836 639 867 694 et
888 632 946 692 this
974 640 1102 712 paterno
1126 644 1229 693 amore
1253 632 1332 713 apo·

90 719 265 799 stolicuque
279 721 352 780 curu
376 717 559 800 vigilantiam
583 720 722 800 injungit,
735 737 775 780 no
798 717 1001 781 ecclesiaDei
1023 718 1170 780 doctrinis
1193 719 1332 781 erroneis

90 805 268 868 detrimenti
291 804 363 883 quid
386 807 494 886 capiat.

179 892 217 970 β)
240 888 261 951 Ι.
285 890 360 952 Tim.
383 890 412 967 6,
436 891 487 954 20.
522 889 556 952 ll.
571 891 655 952 -Tim
678 891 708 962 2,
733 889 784 952 14.
814 890 869 952 Tit.
894 889 923 964 l,
949 887 997 952 13.
1021 907 1109 970 seqq.
1133 891 1170 954 al.
1194 891 1334 972 discipu-

88 976 138 1039 los
161 994 238 1038 suos
272 975 486 1040 dilectissimos
518 977 665 1052 hortatur,
689 984 722 1039 ut
743 977 915 1059 depositum
952 976 1134 1054 custodiant,
1157 977 1176 1038 i.
1200 998 1228 1041 e.
1251 996 1330 1042 con-

90 1063 240 1126 creditam
271 1063 329 1124 sibi
351 1063 427 1125 lesu
450 1063 559 1125 Christi
593 1064 763 1126 doctrinam
797 1065 834 1126 ab
858 1064 946 1126 'omni
980 1063 1147 1125 haereseos
1182 1064 1270 1142 labe,
1301 1074 1333 1129 et

88 1149 220 1231 proinde
243 1150 333 1210 etiam
357 1150 394 1211 ab
418 1151 497 1212 omni
521 1149 669 1212 Judaismi
692 1157 784 1231 atque
816 1151 986 1212 ethnicismi
1017 1150 1201 1231 contagione
1225 1170 1330 1232 purum

89 1236 298 1316 illibatamque
322 1243 516 1298 conservent.

181 1328 214 1401 y)
239 1323 302 1384 Gal.
329 1322 357 1398 l,
380 1323 410 1384 8.
433 1323 461 1383 9.
492 1322 619 1401 repetita
651 1322 721 1385 vioe
751 1340 871 1385 ornnem
905 1320 1087 1383 anathemati
1117 1323 1247 1385 subesse
1271 1324 1330 1385 de-

90 1410 215 1484 clarat,
238 1409 292 1508 qui
324 1408 374 1469 vel
396 1408 507 1491 angelo
531 1410 576 1470 eis
587 1426 700 1488 ,quae
723 1410 789 1489 ipse
825 1408 1007 1484 tradiderat,
1031 1413 1182 1471 contraria
1207 1410 1331 1472 docenti

90 1513 183 1558 aures
207 1495 400 1574 animumque
424 1496 596 1575 praeberet,
621 1496 697 1572 att,
712 1496 761 1558 14.
785 1496 886 1559 studio
909 1495 1047 1576 puritatis
1070 1494 1227 1558 doctrinae
1250 1515 1331 1558 con-

92 1581 263 1645 servandae
287 1581 395 1644 ductus
412 1583 461 1642 vel
481 1600 607 1664 prrncrpr
600 1582 859 1662 Apostolorum
851 1601 883 1643 ιιι
905 1583 1014 1644 l'aciem
1032 1584 1189 1644 restitisse
1210 1583 1330 1665 legitur

176 1667 262 1729 ldem
284 1676 479 1731 contestatur

177 1753 265 1830 b)s.
287 1753 439 1832 Joaunes,
468 1762 574 1834 utpute
596 1755 650 1834 qui
671 1755 763 1816 toties
796 1754 922 1827 asserit,
952 1754 1066 1830 amnia,
1099 1770 1178 1833 quae
1201 1755 1330 1832 scribat,

88 1861 167 1906 uera
190 1859 270 1916 esse,
293 1850 323 1903 et
344 1843 429 1903 omni
450 1850 563 1902 conatu
585 1859 655 1902 sese
687 1843 815 1920 opponit
843 1841 1016 1920 cuicunque
1036 1843 1216 1919 praetextati
1237 1844 1329 1904 meli-

92 1931 159 1991 oris
190 1926 452 2008 perfectiorisque
475 1929 654 1998 doctrinae,
689 1946 727 1988 oc
751 1944 789 1988 ea
821 1933 921 2001 esset,
955 1944 1047 2006 quam
1081 1925 1255 1989 Christiani
1289 1927 1329 1990 ob

89 2008 255 2095 Apostolos
277 2023 475 2092 acceperant,
494 2033 613 2075 omnem
636 2014 790 2092 ejusmodi
808 2016 1059 2092 praeteritionem
1082 2031 1194 2075 canam
1219 2014 1329 2076 declu-

87 2109 150 2168 rat,
176 2107 206 2160 et
225 2100 333 2178 fideles
366 2100 519 2176 bortatur,
550 2107 586 2161 ut
607 2101 673 2162 iltis
693 2101 826 2177 firmiter
858 2101 1052 2174 inhaereant,
1077 2119 1155 2179 quae
1178 2099 1217 2162 ab
1239 2099 1330 2180 Apo-

87 2189 184 2251 stotis
207 2187 260 2246 oet
277 2188 385 2266 potius
407 2205 427 2248 a
447 2187 568 2266 Spiritu
591 2206 626 2263 s.,
649 2188 752 2248 omnis
773 2204 867 2247 aerae
890 2204 928 2246 ac
948 2186 1108 2266 perfectae
1141 2189 1330 2266 cognitionis

84 2274 184 2353 fonte,
208 2281 314 2334 essent
335 2275 437 2336 edocti
452 2273 501 2348 l).

174 2359 313 2421 Similem
336 2368 480 2427 conatum
500 2357 641 2438 produnt
662 2360 754 2419 etiam

173 2450 259 2521 ch.
282 2445 368 2507 Petri
389 2454 466 2507 ets
488 2445 603 2506 Jacobi
635 2444 805 2524 epistolae;
836 2443 921 2545 prior
943 2443 1023 2505 enim
1046 2443 1178 2505 sollicite
1200 2444 1230 2505 id
1255 2428 1327 2527 agii,

87 2538 123 2594 ut
146 2537 262 2609 canent,
277 2549 316 2593 ne
341 2529 525 2611 quaedams.
539 2530 621 2592 Pauli
644 2531 729 2593 dicta
738 2537 769 2592 et
785 2531 950 2612 praecipue
973 2529 1111 2592 doctrina
1128 2529 1167 2592 de
1190 2531 1327 2595 secundo

93 2616 205 2678 Christi
234 2617 366 2679 adventu
399 2635 559 2698 perperam
595 2617 819 2699 intelligentam
848 2634 873 2679 s.
898 2616 1032 2679 lacobus
1065 2634 1160 2694 vero,
1185 2635 1224 2678 ne
1248 2617 1351 2705 doc-.

90 2704 169 2765 trina
193 2702 230 2766 de
260 2703 320 2765 lide
344 2710 375 2765 et
398 2703 538 2767 libertate
571 2703 735 2766 christiana
766 2705 798 2767 in
828 2705 955 2766 abusum
988 2702 1166 2766 deducatur.
1189 2738 1231 2750 -
1255 2705 1329 2778 Quis

83 2792 148 2872 jam
172 2809 288 2870 aequus
311 2808 413 2852 rernm
437 2792 551 2853 arbiter
572 2793 656 2853 viros
679 2791 735 2853 hos
759 2792 798 2852 ita
822 2808 894 2853 sese
927 2797 1073 2872 gerentes
1097 2791 1252 2852 tenuiores
1278 2798 1329 2853 aut

87 2877 177 2958 plane
200 2876 294 2938 falsas
318 2877 445 2938 aliorum
469 2878 637 2939 sententias
661 2877 849 2958 approbasse
873 2893 1015 2937 asserere
1039 2875 1187 2937 audebit?
1220 2876 1328 2938 Nonne

86 2963 147 3026 hoc
170 2963 251 3025 idem
275 2971 369 3042 esset,
386 2982 422 3025 ac
445 2965 616 3026 nominatos
635 2961 800 3044 Apostolos
824 2979 959 3025 summae
984 2977 1116 3043 arguere
1139 2962 1328 3042 impietatis?

119 3069 122 3073 ·
175 3048 346 3125 Quominus
368 3052 443 3113 cero
466 3053 536 3131 quis
559 3050 653 3111 aliter
674 3057 792 3111 statuat

177 3136 215 3211 d)
239 3139 276 3197 de
299 3155 325 3197 s.
348 3135 452 3213 buca,
487 3136 525 3199 de
547 3154 572 3197 s.
596 3135 772 3213 Mattiaco,
806 3152 833 3195 s.
857 3131 966 3197 Marco
989 3140 1019 3201 et
1040 3152 1067 3195 s.
1089 3132 1192 3211 tudo,
1215 3133 1328 3212 obstat,

87 3221 174 3303 quod
202 3225 296 3301 prior
327 3226 432 3285 statim
464 3225 497 3284 in
531 3224 671 3301 proemio
704 3220 871 3300 Evangelii
911 3223 963 3281 sui
994 3223 1156 3299 eupressis
1187 3221 1329 3284 declarat

84 3308 209 3385 uerbis,
242 3327 277 3370 se
308 3318 438 3386 cuncta,
473 3328 553 3390 quae
590 3311 686 3371 uitam
716 3315 745 3369 et
776 3303 1092 3369 doctrinam.0bristi
1128 3316 1327 3384 concernunt,

84 3395 252 3475 diligenter
274 3414 344 3457 esse
364 3404 606 3475 perscrutatum,
629 3403 665 3456 ut
684 3393 870 3474 Theophilus
893 3394 930 3454 de
953 3395 1084 3454 ueritate
1107 3411 1224 3471 sorana,
1248 3413 1327 3473 quae

84 3492 231 3544 oretenus
254 3491 325 3545 erat
356 3485 494 3559 edoctus,
528 3485 648 3562 scripta
672 3484 767 3544 etiam
789 3480 1004 3541 certitudinem
1027 3481 1275 3559 nancisceretur,
1299 3490 1329 3544 e't

84 3567 168 3650 qaod
190 3578 252 3630 tum
274 3570 351 3648 ipse,
374 3577 438 3630 tum
460 3571 574 3649 reliqui
595 3566 632 3628 N.
652 3567 689 3628 Τ.
712 3576 859 3628 auctores
881 3584 951 3627 eum
983 3573 1118 3644 quatuor
1136 3569 1230 3645 prius
1253 3568 1327 3630 lau-

84 3653 170 3716 datis
192 3653 337 3733 Apostol
325 3673 354 3716 rs
376 3663 409 3714 in
431 3657 498 3717 oita
520 3664 549 3718 et
571 3655 717 3717 doctrina
746 3653 823 3714 Jesu
857 3652 1045 3714 delineanda
1079 3671 1120 3714 ec
1152 3671 1225 3716 asse
1247 3673 1327 3716 oon·

83 3744 234 3802 sentiunt.

173 3823 435 3899 Ouarnadmodum
458 3846 533 3889 oero
557 3827 594 3888 de
617 3827 759 3889 admissu
781 3823 1068 3888 accommodatione
1087 3827 1223 3906 positive
1246 3826 1326 3904 dop-

83 3913 200 3974 matica
222 3915 256 3974 in
277 3910 315 3976 N.
330 3914 359 3974 T.
385 3915 485 3991 libris,
498 3915 545 3975 ita
567 3922 597 3975 et
617 3916 651 3974 in
672 3913 803 3990 scriptis
823 3912 997 3990 primorum
1021 3913 1172 3974 eeclesiae
1186 3912 1326 3987 Petrum,

83 4000 140 4080 qui
160 3998 384 4077 Apostolorum
415 4002 466 4063 oei
486 4001 666 4076 immediati,
696 3999 747 4060 oet
776 3998 904 4060 mediati
933 4007 1026 4061 erant
1046 4000 1203 4077 discipuli,
1226 4000 1327 4071 amnis

81 4086 210 4146 omnino
234 4087 320 4148 deest
341 4094 446 4148 nutus.

168 4170 281 4233 Verum
316 4173 437 4253 quidem
468 4178 534 4249 est,
568 4170 671 4252 primis
704 4170 865 4253 religionis
900 4169 1084 4231 christianae
1108 4172 1325 4249 praeconibus,

83 4257 262 4319 universum
293 4265 441 4323 terrarum
465 4260 570 4321 orbem
604 4258 785 4340 ignorantia,
817 4256 1045 4337 superstitione,
1069 4258 1265 4338 praejudiciis
1289 4277 1325 4321 ac

77 4426 396 4441 Μ
493 4434 497 4441 ι

119 4524 150 4590 ι)
171 4522 222 4573 ca.
241 4522 282 4574 to.
302 4524 344 4587 ra,
363 4524 404 4575 as.
423 4526 465 4589 ao,
486 4525 528 4575 ar.
546 4525 589 4590 ar,
609 4525 651 4576 ιι.
670 4526 687 4575 ι.
709 4543 750 4592 ap.
771 4526 794 4577 ι.
816 4522 891 4574 ι-ι.
911 4522 936 4578 ι.
957 4521 997 4573 ra.
1018 4537 1092 4592 nep.
1115 4523 1146 4574 u.
