2834 4896
87 194 150 262 182

84 366 296 432 sideraverant
317 367 385 448 (Mt.
409 368 461 451 13,
486 370 535 436 lt.
557 371 604 436 lo.
627 370 659 452 8,
683 371 734 435 56.
757 369 830 436 Luc.
860 371 891 450 2,
913 370 1003 451 tit),
1035 361 1232 454 adinpletum
1254 388 1322 436 esse

84 456 273 536 apparitione
296 455 372 519 lesu
395 456 515 537 Christi,
536 460 602 522 veri
624 460 694 522 Filii
712 459 779 538 Dei,
804 458 892 540 cnjus
916 459 976 520 sitt
998 465 1031 520 et
1052 458 1213 538 doctrine,
1235 457 1324 522 lactis

88 547 121 603 et
142 539 224 622 tatis,
246 543 393 624 passione
415 551 447 607 et
468 551 583 623 morte,
616 546 799 629 aspersione
821 547 853 607 in
876 545 997 607 coelum
1026 551 1059 607 et
1080 545 1232 608 missione
1254 545 1323 626 Spi-

82 627 161 689 ritus
184 645 222 708 s.,
256 627 434 692 fundatione
469 637 501 694 et
532 632 704 694 directione
734 631 888 694 ecclesiae
917 631 1054 713 serpenti
1086 632 1214 713 antiqno
1238 636 1326 710 capnt

86 713 249 776 connitum
272 722 330 794 est,
354 716 496 797 princeps
518 716 608 799 lrans
632 718 735 780 mundi
758 718 887 799 ejectus,
911 734 994 780 mors
1028 716 1168 795 devicta,
1206 717 1326 779 coelum

84 806 223 880 apertum
245 806 277 863 ct
298 807 402 881 parata
427 803 544 885 ,gloria
567 805 598 865 in
622 805 755 867 excelsis
769 805 834 867 Deo
857 810 890 866 et
910 803 943 865 in
963 809 1046 866 terra
1068 820 1129 885 pax
1151 801 1325 868 horninibus

82 883 190 949 honae.
207 887 400 950 voluntatis.“
445 890 526 952 lltna
547 893 705 971 interpres
1264 926 1267 931 ·

88 1050 91 1055 .
169 989 200 1052 2.
244 991 411 1053 historiam
435 991 468 1055 l'.
491 992 525 1055 Τ.
540 996 689 1057 cantiano
710 954 855 1075 respecta
877 992 983 1056 babilo
1006 992 1050 1056 ad
1069 989 1106 1055 N.
1119 990 1153 1054 ll.
1177 998 1325 1071 caperrat,

86 1083 118 1139 et
136 1076 171 1138 ia
192 1078 296 1156 specie
318 1077 509 1157 symbolicas
531 1098 570 1141 ac
592 1082 714 1161 typicas
736 1081 1041 1159 repraesentationes
1063 1079 1161 1141 certis
1189 1078 1328 1141 criteriis

84 1162 245 1225 indicatas
267 1172 379 1226 contra
400 1164 659 1228 adversariorum
681 1166 902 1228 cavillationes
924 1171 1058 1227 taratar.

172 1264 203 1329 3.
238 1266 526 1330 Persuasissirnnm
547 1268 676 1348 babens,
698 1270 888 1349 scriptoram
910 1286 1074 1330 sacrorum
1085 1265 1258 1330 relationes
1270 1264 1327 1327 ab·

79 1352 204 1439 jectipt
225 1354 357 1416 veritate
387 1354 545 1434 pandere,
587 1365 713 1435 partes,
748 1357 781 1417 in
811 1355 925 1436 qvibvs
954 1353 1176 1416 rationalistae
1207 1354 1328 1433 mptliar

84 1440 216 1501 narrari
236 1447 378 1517 censent,
412 1449 467 1502 cat
484 1439 642 1519 factorem
664 1449 888 1521 eventaampae
910 1439 1073 1520 manifeste
1098 1438 1327 1502 antenomina-

84 1525 205 1586 riornm
227 1532 373 1587 naturam
395 1527 495 1588 variis
517 1528 639 1590 artibas
662 1537 800 1591 evertere
823 1535 991 1603 canantur,
1014 1532 1202 1606 arpamenta
1225 1543 1326 1605 oppo-

86 1613 150 1691 sita
171 1611 459 1690 solide-cefalonia
482 1610 619 1677 vindicet
624 1635 639 1689 ,·
673 1614 899 1676 miraculorem
920 1613 1138 1675 necessitatem
1161 1616 1193 1673 et
1215 1629 1328 1673 nexam

86 1714 157 1759 cnm
180 1704 245 1759 tota
266 1696 400 1760 bistoria
421 1699 607 1780 manifestet,
631 1718 728 1782 capae
750 1697 817 1762 Dea
840 1701 936 1779 dlpna
959 1717 1028 1761 esse
1050 1699 1172 1760 doceat.

172 1798 216 1861 l..
251 1798 309 1862 Ubi
328 1799 437 1880 plnres
459 1821 503 1865 ss.
525 1806 699 1883 scriptores
721 1804 855 1866 eandam
877 1804 1042 1865 historiam
1063 1806 1211 1877 narrant,
1233 1818 1326 1862 anam

86 1902 132 1947 cc
149 1884 250 1947 altero
272 1887 412 1950 illustret
432 1897 462 1952 et
482 1889 637 1970 suppleat,
661 1898 691 1953 et
712 1909 770 1952 car
792 1888 922 1969 quilibet
942 1889 1024 1950 lanc
1037 1888 1163 1949 illamve
1173 1886 1329 1949 namnam

86 1972 227 2033 ordinem
250 1990 288 2033 ac
311 1973 444 2051 modam,
468 1982 499 2036 et
520 1983 638 2037 certam
660 1977 863 2037 materiarum
886 1979 1033 2037 selectam
1050 1974 1329 2052 etdispvsitionem

88 2056 317 2135 observaverit,
341 2079 381 2122 ec
398 2062 560 2140 pectiliari
582 2064 653 2141 ejas
674 2063 852 2125 conditione
875 2070 906 2124 ct
927 2060 1063 2123 consilia
1086 2059 1243 2123 ostentat.

174 2163 205 2223 5.
244 2160 371 2227 Navem
392 2163 544 2226 listariae
566 2182 681 2227 sacrae
703 2184 774 2226 cnm
794 2163 1096 2244 presentabilem,
1119 2170 1160 2238 at,
1181 2164 1329 2241 inpran-

85 2253 150 2309 tam
172 2246 212 2309 ob
234 2267 373 2310 sommas
396 2247 596 2330 difficultates
615 2252 687 2327 fieri
704 2259 819 2331 potest,
842 2247 1328 2329 cbranvlapiamdeterminet*).

172 2350 203 2412 6.
248 2348 409 2425 Quomodo
429 2372 554 2434 papnae
577 2361 767 2434 apparentes
789 2355 872 2415 inter
882 2371 926 2416 ss.
937 2355 1122 2432 scriptores,
1146 2353 1330 2432 pleramque

85 2445 173 2499 ortae
195 2445 252 2500 ant
272 2456 312 2501 aa
333 2441 462 2501 consilii
484 2441 675 2517 divcmitate,
698 2449 754 2502 act
775 2459 816 2502 ec
838 2439 980 2502 libertate
1002 2441 1036 2500 in
1057 2439 1215 2501 narrandi
1226 2438 1328 2513 maela,

85 2521 170 2583 solvi
187 2527 315 2602 possint
335 2544 375 2586 oc
397 2525 539 2602 debeant,
562 2527 649 2588 clare
672 2527 833 2603 ostendat,
864 2525 925 2602 vel,
948 2527 978 2588 si
1000 2527 1139 2606 scriptor
1170 2524 1330 2605 profanas

86 2607 262 2685 dissentiat,
285 2613 407 2673 erraris
429 2613 500 2689 ejas
519 2613 638 2691 sontem
661 2612 793 2692 detepat.

176 2713 205 2774 7.
251 2710 342 2787 anel
363 2715 397 2775 in
418 2716 523 2794 specie
545 2716 742 2778 harmoniam
757 2713 1000 2795 Evanpelioram
1023 2715 1143 2791 attinet,
1165 2713 1331 2794 sequentia

81 2797 243 2879 principia
264 2800 424 2879 sepnenela
445 2819 514 2866 esse
537 2820 720 2865 censemus.-

172 2905 211 2977 a)
232 2901 327 2965 lesos
345 2922 406 2983 per
425 2904 593 2966 trienninm
623 2912 655 2966 et
675 2905 794 2984 aliquot
815 2921 938 2966 menses
959 2919 1087 2966 manere
1117 2918 1178 2991 sav
1198 2901 1329 2982 pvblica

83 2985 212 3067 sanctas
234 2998 302 3062 est;
324 3007 392 3050 nam
416 2989 520 3070 siper
543 2988 654 3052 festum
677 2988 882 3067 ludaeorum,
915 2989 1004 3071 cujus
1027 2987 1075 3050 lo.
1100 2985 1131 3064 5,
1156 2986 1185 3048 1.
1216 2987 1331 3050 mentio

85 3072 128 3152 fit,
151 3074 189 3135 nt¹
205 3073 345 3158 insignes
367 3075 425 3137 viri
449 3077 655 3150 consentiunt,
678 3082 710 3138 et
725 3075 804 3137 Luc.
828 3074 858 3152 6,
885 3072 912 3138 1.
936 3074 1005 3138 coll.
1030 3092 1098 3136 curn
1121 3072 1153 3152 9,
1178 3071 1230 3135 12.
1243 3091 1330 3154 seqq.

86 3163 118 3221 et
139 3159 186 3223 lo.
211 3160 241 3239 6,
264 3161 294 3223 4.
318 3178 406 3242 seqq,
440 3162 583 3244 postulat,
614 3162 728 3243 pascha
762 3159 992 3244 intelligendum
1026 3166 1090 3222 cst:
1135 3176 1160 3222 s.
1193 3158 1332 3222 loannes

85 3245 276 3327 quadruplex
298 3246 410 3309 festum
432 3248 576 3328 paschale
601 3252 835 3323 commemorat,
873 3247 1012 3309 nimirum
1034 3246 1066 3324 2,
1093 3242 1141 3306 13.
1164 3243 1219 3308 23.
1243 3246 1274 3325 5,
1300 3245 1327 3306 1.

86 3333 117 3412 b,
139 3333 170 3396 4.
195 3340 226 3396 et
248 3332 300 3411 12,
326 3332 364 3407 1.,
387 3333 484 3415 pridie
508 3334 596 3416 cujus
618 3332 711 3396 lesus
732 3334 765 3395 in
788 3351 881 3396 cruce
903 3340 1040 3395 mortuus
1064 3330 1205 3407 est**);

172 3435 210 3512 b)
237 3445 302 3499 tres
336 3439 465 3517 priores
497 3436 718 3519 Evanpelistae
755 3437 833 3501 lesa
866 3438 1056 3500 nativitatem
1084 3436 1261 3516 praecipite
1300 3435 1333 3496 in

87 3521 234 3586 Galilaea
265 3522 477 3587 describentes
500 3533 664 3586 caeninam
694 3526 807 3587 seriem
829 3541 892 3585 nen
924 3541 1046 3603 semper
1075 3523 1201 3583 ratione
1225 3519 1334 3582 babila

86 3610 238 3689 temporis
271 3610 432 3688 exhibent,
463 3611 522 3673 sed
548 3628 661 3672 stacam
689 3612 918 3691 prapmaticnm
940 3609 992 3670 tta
1014 3607 1060 3671 ibi
1081 3614 1266 3687 seponatur,
1289 3607 1334 3666 ita

87 3704 199 3773 tamea,
221 3693 408 3760 ats.Lacas
430 3697 464 3759 in
485 3699 687 3760 materiarum
695 3698 902 3778 dispositione
924 3696 1080 3758 rationem
1098 3693 1215 3755 lrabeat
1235 3694 1333 3755 itine-

92 3868 400 3881 n------.-.-„-

127 3964 156 4033 '³
173 3961 228 4084 31¹¹·
245 3961 354 4084 Eus⁸⁰¹l¹
368 3960 558 4082 lilii?
576 3978 596 4015 ⁸·
610 3960 772 4081 ·¹¹⁵i¹⁰¹¹l¹¹¹⁰
796 3958 955 4080 titini
973 3955 1334 4080 irritassent:

173 4048 283 4164 tribunal.
299 4047 367 4152 {pipp
383 4097 481 4151 Gvnev.
491 4046 591 4164 '1be
608 4046 859 4164 ipsippysipupopffli
887 4099 1052 4149 rationarium
1079 4105 1227 4163 temporum
1246 4042 1334 4154 roban

175 4169 358 4239 devignvles:
377 4166 553 4237 Chronologiv
572 4169 605 4221 sle
622 4168 749 4220 l'histoire
765 4166 941 4229 sainte1'7383
960 4168 1069 4220 2tomes
1087 4166 1114 4216 in
1132 4166 1167 4227 4.,
1187 4173 1214 4217 et
1232 4173 1335 4231 praeter

175 4239 226 4292 alia
244 4255 277 4293 vx
293 4239 493 4292 recentissimis:
520 4237 651 4304 Rndolphi
673 4235 763 4304 Anger
781 4237 815 4288 de
836 4245 981 4302 temporum
1007 4237 1035 4287 in
1052 4234 1124 4286 Actis
1142 4232 1211 4300 App.
1234 4235 1334 4286 rationo

174 4309 242 4376 Lips.
260 4304 352 4371 teian
371 4308 433 4374 DQ·-
451 4305 655 4359 Canwieaeler:
675 4304 806 4356 Chronolo
827 4304 898 4356 ischa
909 4304 1029 4371 Synopse
1047 4303 1094 4355 der
1111 4301 1335 4370 vierEvangelien

176 4376 263 4441 tete,
282 4387 308 4430 et
327 4374 504 4443 Chronologio
523 4376 569 4426 des
588 4372 783 4441 apostolischen
802 4322 1052 4440 beitaltersthting
1070 4371 1159 4434 1848.;
1179 4368 1202 4421 l.
1223 4368 1252 4420 B.
1262 4370 1335 4420 Wei-

177 4447 234 4515 gel:
252 4447 332 4501 Uiber
349 4448 395 4498 das
414 4444 505 4497 wahrv
524 4442 651 4495 Gebnrts-
668 4441 721 4493 nnd
741 4441 873 4506 Sterijhr
890 4441 953 4493 lesu
972 4440 1073 4495 Christi.
1110 4438 1243 4493 Snlnhach
1260 4438 1334 4490 1849.

113 4516 159 4586 stt)
177 4515 230 4569 (jfp0
247 4516 332 4570 Weigl
351 4517 377 4567 in
396 4529 440 4565 οη,
459 4515 496 4559 (pit
521 4521 548 4554 nt
565 4511 686 4555 Nasamlm·
703 4512 729 4545 in
749 4509 835 4545 lolam
859 4510 917 4545 lm
