<?xml version="1.0" encoding="UTF-8"?>
<!DOCTYPE html PUBLIC "-//W3C//DTD XHTML 1.0 Transitional//EN"
    "http://www.w3.org/TR/xhtml1/DTD/xhtml1-transitional.dtd">
<html xmlns="http://www.w3.org/1999/xhtml" xml:lang="en" lang="en">
 <head>
  <title>
</title>
<meta http-equiv="Content-Type" content="text/html;charset=utf-8" />
  <meta name='ocr-system' content='tesseract 3.04.00' />
  <meta name='ocr-capabilities' content='ocr_page ocr_carea ocr_par ocr_line ocrx_word'/>
</head>
<body>
  <div class='ocr_page' id='page_1' title='image "./hermeneuticabib00gngoog_0071.png"; bbox 0 0 2834 4896; ppageno 0'>
   <div class='ocr_carea' id='block_1_1' title="bbox 122 239 165 302">
    <p class='ocr_par' dir='ltr' id='par_1_1' title="bbox 122 239 165 302">
     <span class='ocr_line' id='line_1_1' title="bbox 122 239 165 302; baseline 0 0"><span class='ocrx_word' id='word_1_1' title='bbox 122 239 165 302; x_wconf 77' lang='lat'>44</span> 
     </span>
    </p>
   </div>
   <div class='ocr_carea' id='block_1_2' title="bbox 79 407 1364 2212">
    <p class='ocr_par' dir='ltr' id='par_1_2' title="bbox 79 407 1364 2212">
     <span class='ocr_line' id='line_1_2' title="bbox 121 407 1356 493; baseline 0.002 -21"><span class='ocrx_word' id='word_1_2' title='bbox 121 417 152 473; x_wconf 91' lang='lat' dir='ltr'>et</span> <span class='ocrx_word' id='word_1_3' title='bbox 174 410 297 491; x_wconf 84' lang='lat' dir='ltr'>quidem</span> <span class='ocrx_word' id='word_1_4' title='bbox 319 427 357 471; x_wconf 91' lang='lat' dir='ltr'>eo</span> <span class='ocrx_word' id='word_1_5' title='bbox 381 410 487 492; x_wconf 84' lang='lat' dir='ltr'>magis,</span> <span class='ocrx_word' id='word_1_6' title='bbox 501 429 592 491; x_wconf 78' lang='lat' dir='ltr'>qurum</span> <span class='ocrx_word' id='word_1_7' title='bbox 616 411 765 493; x_wconf 78' lang='lat' dir='ltr'>eJusmodi</span> <span class='ocrx_word' id='word_1_8' title='bbox 788 408 921 472; x_wconf 88' lang='lat' dir='ltr'>violenta</span> <span class='ocrx_word' id='word_1_9' title='bbox 938 425 961 469; x_wconf 89' lang='grc'>3.</span> <span class='ocrx_word' id='word_1_10' title='bbox 977 407 1152 489; x_wconf 79' lang='lat' dir='ltr'>Scripturas</span> <span class='ocrx_word' id='word_1_11' title='bbox 1176 410 1356 474; x_wconf 76' lang='lat' dir='ltr'>tractatione</span> 
     </span>
     <span class='ocr_line' id='line_1_3' title="bbox 120 492 1356 578; baseline 0.001 -20"><span class='ocrx_word' id='word_1_12' title='bbox 120 497 209 559; x_wconf 92' lang='lat' dir='ltr'>nobis</span> <span class='ocrx_word' id='word_1_13' title='bbox 231 497 262 557; x_wconf 90' lang='lat' dir='ltr'>in</span> <span class='ocrx_word' id='word_1_14' title='bbox 285 495 422 557; x_wconf 86' lang='lat' dir='ltr'>favorem</span> <span class='ocrx_word' id='word_1_15' title='bbox 445 496 635 578; x_wconf 79' lang='lat' dir='ltr'>dogmaticae</span> <span class='ocrx_word' id='word_1_16' title='bbox 658 499 775 559; x_wconf 89' lang='lat' dir='ltr'>nonsit</span> <span class='ocrx_word' id='word_1_17' title='bbox 798 513 884 577; x_wconf 87' lang='lat' dir='ltr'>opus,</span> <span class='ocrx_word' id='word_1_18' title='bbox 904 501 1007 576; x_wconf 86' lang='lat' dir='ltr'>utpote</span> <span class='ocrx_word' id='word_1_19' title='bbox 1032 492 1238 576; x_wconf 81' lang='lat' dir='ltr'>gaudentibus</span> <span class='ocrx_word' id='word_1_20' title='bbox 1263 496 1356 559; x_wconf 89' lang='lat' dir='ltr'>altero</span> 
     </span>
     <span class='ocr_line' id='line_1_4' title="bbox 120 581 1356 663; baseline 0 -18"><span class='ocrx_word' id='word_1_21' title='bbox 120 582 215 656; x_wconf 85' lang='lat' dir='ltr'>fonte,</span> <span class='ocrx_word' id='word_1_22' title='bbox 251 600 359 662; x_wconf 86' lang='lat' dir='ltr'>nempe</span> <span class='ocrx_word' id='word_1_23' title='bbox 391 581 552 646; x_wconf 91' lang='lat' dir='ltr'>traditione</span> <span class='ocrx_word' id='word_1_24' title='bbox 562 609 571 663; x_wconf 89' lang='lat'>;</span> <span class='ocrx_word' id='word_1_25' title='bbox 594 588 621 650; x_wconf 94' lang='lat' dir='ltr'>si</span> <span class='ocrx_word' id='word_1_26' title='bbox 644 582 745 645; x_wconf 87' lang='lat' dir='ltr'>autein</span> <span class='ocrx_word' id='word_1_27' title='bbox 767 583 798 643; x_wconf 90' lang='lat' dir='ltr'>in</span> <span class='ocrx_word' id='word_1_28' title='bbox 820 582 896 644; x_wconf 92' lang='lat' dir='ltr'>locis</span> <span class='ocrx_word' id='word_1_29' title='bbox 928 582 1077 663; x_wconf 82' lang='lat' dir='ltr'>ambiguis</span> <span class='ocrx_word' id='word_1_30' title='bbox 1102 587 1193 661; x_wconf 85' lang='lat' dir='ltr'>atque</span> <span class='ocrx_word' id='word_1_31' title='bbox 1218 582 1356 645; x_wconf 85' lang='lat' dir='ltr'>obscuris</span> 
     </span>
     <span class='ocr_line' id='line_1_5' title="bbox 120 667 1358 751; baseline 0.002 -22"><span class='ocrx_word' id='word_1_32' title='bbox 120 668 227 750; x_wconf 83' lang='lat' dir='ltr'>regule</span> <span class='ocrx_word' id='word_1_33' title='bbox 260 667 330 729; x_wconf 88' lang='lat' dir='ltr'>[idei</span> <span class='ocrx_word' id='word_1_34' title='bbox 365 668 457 729; x_wconf 92' lang='lat' dir='ltr'>utitur</span> <span class='ocrx_word' id='word_1_35' title='bbox 487 667 582 751; x_wconf 88' lang='lat' dir='ltr'>duee,</span> <span class='ocrx_word' id='word_1_36' title='bbox 617 673 737 750; x_wconf 89' lang='lat' dir='ltr'>illisque</span> <span class='ocrx_word' id='word_1_37' title='bbox 760 668 881 730; x_wconf 91' lang='lat' dir='ltr'>nonnisi</span> <span class='ocrx_word' id='word_1_38' title='bbox 905 686 973 730; x_wconf 92' lang='lat' dir='ltr'>eum</span> <span class='ocrx_word' id='word_1_39' title='bbox 997 667 1118 747; x_wconf 92' lang='lat' dir='ltr'>subjicit</span> <span class='ocrx_word' id='word_1_40' title='bbox 1140 683 1287 746; x_wconf 86' lang='lat' dir='ltr'>sensum,</span> <span class='ocrx_word' id='word_1_41' title='bbox 1312 667 1358 749; x_wconf 84' lang='lat' dir='ltr'>qui</span> 
     </span>
     <span class='ocr_line' id='line_1_6' title="bbox 119 751 1359 840; baseline 0 -24"><span class='ocrx_word' id='word_1_42' title='bbox 119 755 190 816; x_wconf 94' lang='lat' dir='ltr'>huic</span> <span class='ocrx_word' id='word_1_43' title='bbox 214 752 365 828; x_wconf 85' lang='lat' dir='ltr'>convenit,</span> <span class='ocrx_word' id='word_1_44' title='bbox 391 755 462 833; x_wconf 86' lang='lat' dir='ltr'>quin</span> <span class='ocrx_word' id='word_1_45' title='bbox 485 756 622 840; x_wconf 88' lang='lat' dir='ltr'>reliquae</span> <span class='ocrx_word' id='word_1_46' title='bbox 645 754 821 819; x_wconf 83' lang='lat' dir='ltr'>hermoniae</span> <span class='ocrx_word' id='word_1_47' title='bbox 843 754 997 816; x_wconf 79' lang='lat' dir='ltr'>uiolentur</span> <span class='ocrx_word' id='word_1_48' title='bbox 1018 751 1164 835; x_wconf 80' lang='lat' dir='ltr'>regulae:</span> <span class='ocrx_word' id='word_1_49' title='bbox 1186 751 1359 836; x_wconf 83' lang='lat' dir='ltr'>dogmatica</span> 
     </span>
     <span class='ocr_line' id='line_1_7' title="bbox 121 840 1360 925; baseline 0 -23"><span class='ocrx_word' id='word_1_50' title='bbox 121 841 188 921; x_wconf 91' lang='lat' dir='ltr'>ejus</span> <span class='ocrx_word' id='word_1_51' title='bbox 210 840 421 920; x_wconf 82' lang='lat' dir='ltr'>interpretatio</span> <span class='ocrx_word' id='word_1_52' title='bbox 437 857 498 902; x_wconf 91' lang='lat' dir='ltr'>non</span> <span class='ocrx_word' id='word_1_53' title='bbox 514 853 562 907; x_wconf 90' lang='lat' dir='ltr'>est</span> <span class='ocrx_word' id='word_1_54' title='bbox 583 841 846 925; x_wconf 89' lang='lat' dir='ltr'>reprehendenda,</span> <span class='ocrx_word' id='word_1_55' title='bbox 859 840 915 902; x_wconf 93' lang='lat' dir='ltr'>sed</span> <span class='ocrx_word' id='word_1_56' title='bbox 931 841 1032 922; x_wconf 91' lang='lat' dir='ltr'>potius</span> <span class='ocrx_word' id='word_1_57' title='bbox 1049 840 1140 900; x_wconf 90' lang='lat' dir='ltr'>unice</span> <span class='ocrx_word' id='word_1_58' title='bbox 1162 855 1237 900; x_wconf 88' lang='lat' dir='ltr'>vera</span> <span class='ocrx_word' id='word_1_59' title='bbox 1261 857 1360 922; x_wconf 84' lang='lat' dir='ltr'>agno-</span> 
     </span>
     <span class='ocr_line' id='line_1_8' title="bbox 121 923 1363 1008; baseline 0.002 -21"><span class='ocrx_word' id='word_1_60' title='bbox 121 926 245 990; x_wconf 86' lang='lat' dir='ltr'>scenda.</span> <span class='ocrx_word' id='word_1_61' title='bbox 289 926 363 986; x_wconf 88' lang='lat' dir='ltr'>Nam</span> <span class='ocrx_word' id='word_1_62' title='bbox 387 931 420 1000; x_wconf 87' lang='grc'>3)</span> <span class='ocrx_word' id='word_1_63' title='bbox 443 926 502 988; x_wconf 92' lang='lat' dir='ltr'>hoc</span> <span class='ocrx_word' id='word_1_64' title='bbox 535 932 645 993; x_wconf 85' lang='lat' dir='ltr'>ecdem</span> <span class='ocrx_word' id='word_1_65' title='bbox 678 928 711 990; x_wconf 90' lang='lat' dir='ltr'>ht</span> <span class='ocrx_word' id='word_1_66' title='bbox 735 928 825 1008; x_wconf 89' lang='lat' dir='ltr'>jure,</span> <span class='ocrx_word' id='word_1_67' title='bbox 857 944 918 1007; x_wconf 89' lang='lat' dir='ltr'>quo</span> <span class='ocrx_word' id='word_1_68' title='bbox 953 925 1088 1008; x_wconf 88' lang='lat' dir='ltr'>cujusvis</span> <span class='ocrx_word' id='word_1_69' title='bbox 1118 923 1250 987; x_wconf 90' lang='lat' dir='ltr'>hominis</span> <span class='ocrx_word' id='word_1_70' title='bbox 1283 925 1363 989; x_wconf 77' lang='lat' dir='ltr'>dieta</span> 
     </span>
     <span class='ocr_line' id='line_1_9' title="bbox 121 1008 1358 1100; baseline 0.002 -25"><span class='ocrx_word' id='word_1_71' title='bbox 121 1014 250 1075; x_wconf 87' lang='lat' dir='ltr'>obscura</span> <span class='ocrx_word' id='word_1_72' title='bbox 274 1019 325 1073; x_wconf 92' lang='lat' dir='ltr'>aut</span> <span class='ocrx_word' id='word_1_73' title='bbox 347 1011 426 1074; x_wconf 84' lang='lat' dir='ltr'>facta</span> <span class='ocrx_word' id='word_1_74' title='bbox 450 1014 591 1100; x_wconf 80' lang='lat' dir='ltr'>ambigua</span> <span class='ocrx_word' id='word_1_75' title='bbox 615 1036 655 1078; x_wconf 86' lang='lat' dir='ltr'>ex</span> <span class='ocrx_word' id='word_1_76' title='bbox 677 1013 831 1096; x_wconf 89' lang='lat' dir='ltr'>principiis</span> <span class='ocrx_word' id='word_1_77' title='bbox 855 1013 922 1092; x_wconf 87' lang='lat' dir='ltr'>ejus</span> <span class='ocrx_word' id='word_1_78' title='bbox 946 1011 1020 1076; x_wconf 89' lang='lat' dir='ltr'>alias</span> <span class='ocrx_word' id='word_1_79' title='bbox 1044 1010 1127 1073; x_wconf 88' lang='lat' dir='ltr'>clare</span> <span class='ocrx_word' id='word_1_80' title='bbox 1159 1008 1358 1077; x_wconf 79' lang='lat' dir='ltr'>manifestatis</span> 
     </span>
     <span class='ocr_line' id='line_1_10' title="bbox 120 1095 1358 1181; baseline 0.001 -22"><span class='ocrx_word' id='word_1_81' title='bbox 120 1098 324 1172; x_wconf 90' lang='lat' dir='ltr'>illustrantur;</span> <span class='ocrx_word' id='word_1_82' title='bbox 348 1116 409 1178; x_wconf 88' lang='lat' dir='ltr'>quo</span> <span class='ocrx_word' id='word_1_83' title='bbox 432 1098 603 1180; x_wconf 81' lang='lat' dir='ltr'>singulares</span> <span class='ocrx_word' id='word_1_84' title='bbox 628 1119 746 1181; x_wconf 87' lang='lat' dir='ltr'>eaeque</span> <span class='ocrx_word' id='word_1_85' title='bbox 779 1098 975 1161; x_wconf 88' lang='lat' dir='ltr'>obscuriores</span> <span class='ocrx_word' id='word_1_86' title='bbox 1009 1095 1260 1177; x_wconf 89' lang='lat' dir='ltr'>philosophorum</span> <span class='ocrx_word' id='word_1_87' title='bbox 1285 1116 1358 1160; x_wconf 90' lang='lat' dir='ltr'>sen-</span> 
     </span>
     <span class='ocr_line' id='line_1_11' title="bbox 120 1183 1359 1269; baseline 0.002 -24"><span class='ocrx_word' id='word_1_88' title='bbox 120 1185 233 1246; x_wconf 90' lang='lat' dir='ltr'>tentiae</span> <span class='ocrx_word' id='word_1_89' title='bbox 256 1202 297 1246; x_wconf 83' lang='lat' dir='ltr'>ex</span> <span class='ocrx_word' id='word_1_90' title='bbox 319 1190 384 1245; x_wconf 92' lang='lat' dir='ltr'>toto</span> <span class='ocrx_word' id='word_1_91' title='bbox 407 1184 541 1265; x_wconf 90' lang='lat' dir='ltr'>ipsorum</span> <span class='ocrx_word' id='word_1_92' title='bbox 564 1195 731 1269; x_wconf 82' lang='lat' dir='ltr'>systemate</span> <span class='ocrx_word' id='word_1_93' title='bbox 754 1185 959 1265; x_wconf 82' lang='lat' dir='ltr'>explicantur3</span> <span class='ocrx_word' id='word_1_94' title='bbox 994 1189 1046 1245; x_wconf 90' lang='lat' dir='ltr'>aut</span> <span class='ocrx_word' id='word_1_95' title='bbox 1069 1201 1129 1265; x_wconf 86' lang='lat' dir='ltr'>quo</span> <span class='ocrx_word' id='word_1_96' title='bbox 1154 1183 1184 1243; x_wconf 91' lang='lat' dir='ltr'>in</span> <span class='ocrx_word' id='word_1_97' title='bbox 1202 1184 1359 1266; x_wconf 87' lang='lat' dir='ltr'>jurispru-</span> 
     </span>
     <span class='ocr_line' id='line_1_12' title="bbox 123 1268 1359 1357; baseline 0.002 -25"><span class='ocrx_word' id='word_1_98' title='bbox 123 1271 223 1332; x_wconf 91' lang='lat' dir='ltr'>dentia</span> <span class='ocrx_word' id='word_1_99' title='bbox 251 1270 340 1352; x_wconf 87' lang='lat' dir='ltr'>leges</span> <span class='ocrx_word' id='word_1_100' title='bbox 375 1270 537 1351; x_wconf 80' lang='lat' dir='ltr'>ambiguae</span> <span class='ocrx_word' id='word_1_101' title='bbox 567 1274 605 1336; x_wconf 90' lang='lat' dir='ltr'>ad</span> <span class='ocrx_word' id='word_1_102' title='bbox 628 1275 752 1357; x_wconf 86' lang='lat' dir='ltr'>genium</span> <span class='ocrx_word' id='word_1_103' title='bbox 782 1272 874 1334; x_wconf 92' lang='lat' dir='ltr'>totius</span> <span class='ocrx_word' id='word_1_104' title='bbox 908 1271 1011 1352; x_wconf 85' lang='lat' dir='ltr'>legum</span> <span class='ocrx_word' id='word_1_105' title='bbox 1035 1268 1151 1331; x_wconf 88' lang='lat' dir='ltr'>codicis</span> <span class='ocrx_word' id='word_1_106' title='bbox 1175 1278 1359 1333; x_wconf 88' lang='lat' dir='ltr'>revocantur</span> 
     </span>
     <span class='ocr_line' id='line_1_13' title="bbox 122 1354 1359 1440; baseline 0 -21"><span class='ocrx_word' id='word_1_107' title='bbox 122 1364 153 1420; x_wconf 90' lang='lat' dir='ltr'>et</span> <span class='ocrx_word' id='word_1_108' title='bbox 182 1355 390 1436; x_wconf 84' lang='lat' dir='ltr'>explanantur.</span> <span class='ocrx_word' id='word_1_109' title='bbox 446 1356 540 1421; x_wconf 92' lang='lat' dir='ltr'>Porro</span> <span class='ocrx_word' id='word_1_110' title='bbox 563 1363 599 1440; x_wconf 84' lang='grc' dir='ltr'>β)</span> <span class='ocrx_word' id='word_1_111' title='bbox 631 1377 746 1423; x_wconf 88' lang='lat' dir='ltr'>summa</span> <span class='ocrx_word' id='word_1_112' title='bbox 777 1358 894 1419; x_wconf 88' lang='lat' dir='ltr'>illarum</span> <span class='ocrx_word' id='word_1_113' title='bbox 928 1356 1087 1417; x_wconf 84' lang='lat' dir='ltr'>veritatum</span> <span class='ocrx_word' id='word_1_114' title='bbox 1120 1354 1359 1435; x_wconf 87' lang='lat' dir='ltr'>christianarum,</span> 
     </span>
     <span class='ocr_line' id='line_1_14' title="bbox 123 1442 1359 1526; baseline 0 -22"><span class='ocrx_word' id='word_1_115' title='bbox 123 1461 201 1523; x_wconf 90' lang='lat' dir='ltr'>quae</span> <span class='ocrx_word' id='word_1_116' title='bbox 232 1442 401 1504; x_wconf 81' lang='lat' dir='ltr'>doctrinam</span> <span class='ocrx_word' id='word_1_117' title='bbox 425 1444 577 1508; x_wconf 80' lang='lat' dir='ltr'>eeclesiae</span> <span class='ocrx_word' id='word_1_118' title='bbox 602 1445 770 1509; x_wconf 91' lang='lat' dir='ltr'>catholicae</span> <span class='ocrx_word' id='word_1_119' title='bbox 804 1442 1001 1519; x_wconf 87' lang='lat' dir='ltr'>constituunt,</span> <span class='ocrx_word' id='word_1_120' title='bbox 1021 1443 1085 1523; x_wconf 87' lang='lat' dir='ltr'>jam</span> <span class='ocrx_word' id='word_1_121' title='bbox 1109 1447 1180 1502; x_wconf 88' lang='lat' dir='ltr'>ante</span> <span class='ocrx_word' id='word_1_122' title='bbox 1204 1459 1229 1504; x_wconf 92' lang='lat' dir='ltr'>s.</span> <span class='ocrx_word' id='word_1_123' title='bbox 1254 1442 1359 1526; x_wconf 87' lang='lat' dir='ltr'>Serip-</span> 
     </span>
     <span class='ocr_line' id='line_1_15' title="bbox 120 1526 1360 1609; baseline 0.002 -20"><span class='ocrx_word' id='word_1_124' title='bbox 120 1535 219 1590; x_wconf 89' lang='lat' dir='ltr'>turam</span> <span class='ocrx_word' id='word_1_125' title='bbox 240 1528 275 1589; x_wconf 91' lang='lat' dir='ltr'>N.</span> <span class='ocrx_word' id='word_1_126' title='bbox 299 1528 330 1589; x_wconf 86' lang='grc' dir='ltr'>Τ,</span> <span class='ocrx_word' id='word_1_127' title='bbox 354 1547 415 1590; x_wconf 91' lang='lat' dir='ltr'>non</span> <span class='ocrx_word' id='word_1_128' title='bbox 450 1535 562 1593; x_wconf 91' lang='lat' dir='ltr'>tantum</span> <span class='ocrx_word' id='word_1_129' title='bbox 596 1533 627 1595; x_wconf 91' lang='lat' dir='ltr'>in</span> <span class='ocrx_word' id='word_1_130' title='bbox 660 1532 799 1594; x_wconf 90' lang='lat' dir='ltr'>coetibus</span> <span class='ocrx_word' id='word_1_131' title='bbox 837 1527 1008 1590; x_wconf 89' lang='lat' dir='ltr'>christianis</span> <span class='ocrx_word' id='word_1_132' title='bbox 1042 1533 1108 1588; x_wconf 89' lang='lat' dir='ltr'>erat</span> <span class='ocrx_word' id='word_1_133' title='bbox 1131 1526 1284 1609; x_wconf 88' lang='lat' dir='ltr'>deposita,</span> <span class='ocrx_word' id='word_1_134' title='bbox 1309 1527 1360 1591; x_wconf 91' lang='lat' dir='ltr'>sed</span> 
     </span>
     <span class='ocr_line' id='line_1_16' title="bbox 123 1613 1362 1696; baseline 0.002 -20"><span class='ocrx_word' id='word_1_135' title='bbox 123 1615 213 1676; x_wconf 86' lang='lat' dir='ltr'>ctiam</span> <span class='ocrx_word' id='word_1_136' title='bbox 237 1614 379 1676; x_wconf 79' lang='lat' dir='ltr'>continua</span> <span class='ocrx_word' id='word_1_137' title='bbox 404 1618 490 1694; x_wconf 86' lang='lat' dir='ltr'>praxi</span> <span class='ocrx_word' id='word_1_138' title='bbox 513 1619 693 1695; x_wconf 83' lang='lat' dir='ltr'>observata3</span> <span class='ocrx_word' id='word_1_139' title='bbox 717 1623 860 1680; x_wconf 90' lang='lat' dir='ltr'>auctores</span> <span class='ocrx_word' id='word_1_140' title='bbox 884 1615 977 1696; x_wconf 85' lang='lat' dir='ltr'>igitur</span> <span class='ocrx_word' id='word_1_141' title='bbox 999 1613 1034 1675; x_wconf 89' lang='lat' dir='ltr'>N.</span> <span class='ocrx_word' id='word_1_142' title='bbox 1047 1613 1079 1674; x_wconf 83' lang='grc' dir='ltr'>Τ.</span> <span class='ocrx_word' id='word_1_143' title='bbox 1104 1632 1163 1694; x_wconf 86' lang='lat' dir='ltr'>qua</span> <span class='ocrx_word' id='word_1_144' title='bbox 1186 1614 1243 1675; x_wconf 92' lang='lat' dir='ltr'>viri</span> <span class='ocrx_word' id='word_1_145' title='bbox 1267 1615 1362 1696; x_wconf 76' lang='lat' dir='ltr'>probi,</span> 
     </span>
     <span class='ocr_line' id='line_1_17' title="bbox 124 1699 1362 1785; baseline 0.001 -23"><span class='ocrx_word' id='word_1_146' title='bbox 124 1718 225 1781; x_wconf 85' lang='lat' dir='ltr'>eoque</span> <span class='ocrx_word' id='word_1_147' title='bbox 248 1701 344 1782; x_wconf 85' lang='lat' dir='ltr'>magis</span> <span class='ocrx_word' id='word_1_148' title='bbox 361 1720 419 1783; x_wconf 85' lang='lat' dir='ltr'>qua</span> <span class='ocrx_word' id='word_1_149' title='bbox 442 1702 579 1785; x_wconf 87' lang='lat' dir='ltr'>inspirati</span> <span class='ocrx_word' id='word_1_150' title='bbox 595 1704 628 1766; x_wconf 93' lang='lat' dir='ltr'>in</span> <span class='ocrx_word' id='word_1_151' title='bbox 650 1705 762 1785; x_wconf 89' lang='lat' dir='ltr'>scripta</span> <span class='ocrx_word' id='word_1_152' title='bbox 781 1721 836 1765; x_wconf 87' lang='lat' dir='ltr'>sua</span> <span class='ocrx_word' id='word_1_153' title='bbox 859 1701 931 1764; x_wconf 91' lang='lat' dir='ltr'>nihil</span> <span class='ocrx_word' id='word_1_154' title='bbox 954 1701 1094 1781; x_wconf 88' lang='lat' dir='ltr'>recipere</span> <span class='ocrx_word' id='word_1_155' title='bbox 1116 1705 1269 1781; x_wconf 87' lang='lat' dir='ltr'>poterant,</span> <span class='ocrx_word' id='word_1_156' title='bbox 1285 1699 1362 1781; x_wconf 89' lang='lat' dir='ltr'>quod</span> 
     </span>
     <span class='ocr_line' id='line_1_18' title="bbox 125 1785 1363 1870; baseline 0.002 -23"><span class='ocrx_word' id='word_1_157' title='bbox 125 1805 259 1848; x_wconf 91' lang='lat' dir='ltr'>summae</span> <span class='ocrx_word' id='word_1_158' title='bbox 290 1786 494 1852; x_wconf 85' lang='lat' dir='ltr'>doctrinarum</span> <span class='ocrx_word' id='word_1_159' title='bbox 527 1798 674 1853; x_wconf 89' lang='lat' dir='ltr'>oretenus</span> <span class='ocrx_word' id='word_1_160' title='bbox 699 1791 735 1853; x_wconf 91' lang='lat' dir='ltr'>ab</span> <span class='ocrx_word' id='word_1_161' title='bbox 758 1789 832 1870; x_wconf 92' lang='lat' dir='ltr'>ipsis</span> <span class='ocrx_word' id='word_1_162' title='bbox 864 1785 1104 1849; x_wconf 71' lang='lat' dir='ltr'>praedicatarum</span> <span class='ocrx_word' id='word_1_163' title='bbox 1129 1793 1215 1848; x_wconf 89' lang='lat' dir='ltr'>essct</span> <span class='ocrx_word' id='word_1_164' title='bbox 1238 1793 1363 1849; x_wconf 90' lang='lat' dir='ltr'>contra·</span> 
     </span>
     <span class='ocr_line' id='line_1_19' title="bbox 124 1871 1362 1958; baseline 0.001 -25"><span class='ocrx_word' id='word_1_165' title='bbox 124 1875 219 1948; x_wconf 84' lang='lat' dir='ltr'>rium3</span> <span class='ocrx_word' id='word_1_166' title='bbox 250 1872 348 1953; x_wconf 82' lang='lat' dir='ltr'>quid?</span> <span class='ocrx_word' id='word_1_167' title='bbox 382 1875 463 1954; x_wconf 88' lang='lat' dir='ltr'>quod</span> <span class='ocrx_word' id='word_1_168' title='bbox 496 1881 529 1954; x_wconf 81' lang='lat' dir='ltr'>y)</span> <span class='ocrx_word' id='word_1_169' title='bbox 553 1878 642 1938; x_wconf 88' lang='lat' dir='ltr'>etiam</span> <span class='ocrx_word' id='word_1_170' title='bbox 675 1884 745 1958; x_wconf 92' lang='lat' dir='ltr'>post</span> <span class='ocrx_word' id='word_1_171' title='bbox 779 1874 969 1955; x_wconf 88' lang='lat' dir='ltr'>conscriptos</span> <span class='ocrx_word' id='word_1_172' title='bbox 1000 1872 1036 1934; x_wconf 89' lang='lat' dir='ltr'>N.</span> <span class='ocrx_word' id='word_1_173' title='bbox 1060 1872 1090 1933; x_wconf 84' lang='grc' dir='ltr'>Τ.</span> <span class='ocrx_word' id='word_1_174' title='bbox 1113 1871 1209 1934; x_wconf 88' lang='lat' dir='ltr'>libros</span> <span class='ocrx_word' id='word_1_175' title='bbox 1244 1873 1362 1935; x_wconf 87' lang='lat' dir='ltr'>traditio</span> 
     </span>
     <span class='ocr_line' id='line_1_20' title="bbox 124 1958 1364 2043; baseline 0.001 -23"><span class='ocrx_word' id='word_1_176' title='bbox 124 1965 193 2020; x_wconf 87' lang='lat' dir='ltr'>viva</span> <span class='ocrx_word' id='word_1_177' title='bbox 218 1960 317 2021; x_wconf 91' lang='lat' dir='ltr'>multis</span> <span class='ocrx_word' id='word_1_178' title='bbox 341 1961 479 2023; x_wconf 89' lang='lat' dir='ltr'>coetibus</span> <span class='ocrx_word' id='word_1_179' title='bbox 504 1963 686 2037; x_wconf 89' lang='lat' dir='ltr'>christianis,</span> <span class='ocrx_word' id='word_1_180' title='bbox 707 1963 759 2043; x_wconf 90' lang='lat' dir='ltr'>qni</span> <span class='ocrx_word' id='word_1_181' title='bbox 782 1961 904 2042; x_wconf 90' lang='lat' dir='ltr'>scriptis</span> <span class='ocrx_word' id='word_1_182' title='bbox 927 1961 1023 2021; x_wconf 86' lang='lat' dir='ltr'>sacris</span> <span class='ocrx_word' id='word_1_183' title='bbox 1047 1959 1201 2036; x_wconf 87' lang='lat' dir='ltr'>carebant,</span> <span class='ocrx_word' id='word_1_184' title='bbox 1220 1965 1252 2020; x_wconf 92' lang='lat' dir='ltr'>et</span> <span class='ocrx_word' id='word_1_185' title='bbox 1274 1958 1364 2043; x_wconf 89' lang='lat' dir='ltr'>longe</span> 
     </span>
     <span class='ocr_line' id='line_1_21' title="bbox 126 2043 1364 2130; baseline 0.001 -24"><span class='ocrx_word' id='word_1_186' title='bbox 126 2046 274 2107; x_wconf 81' lang='lat' dir='ltr'>inunximae</span> <span class='ocrx_word' id='word_1_187' title='bbox 298 2045 431 2107; x_wconf 87' lang='lat' dir='ltr'>fidelium</span> <span class='ocrx_word' id='word_1_188' title='bbox 455 2048 541 2126; x_wconf 87' lang='lat' dir='ltr'>parti,</span> <span class='ocrx_word' id='word_1_189' title='bbox 565 2049 617 2128; x_wconf 88' lang='lat' dir='ltr'>qui</span> <span class='ocrx_word' id='word_1_190' title='bbox 638 2048 745 2130; x_wconf 85' lang='lat' dir='ltr'>legere</span> <span class='ocrx_word' id='word_1_191' title='bbox 769 2046 957 2124; x_wconf 87' lang='lat' dir='ltr'>nesciebant,</span> <span class='ocrx_word' id='word_1_192' title='bbox 994 2046 1102 2106; x_wconf 89' lang='lat' dir='ltr'>unicus</span> <span class='ocrx_word' id='word_1_193' title='bbox 1126 2043 1364 2126; x_wconf 84' lang='lat' dir='ltr'>cognoscendae</span> 
     </span>
     <span class='ocr_line' id='line_1_22' title="bbox 79 2130 1218 2212; baseline 0 -20"><span class='ocrx_word' id='word_1_194' title='bbox 79 2200 83 2209; x_wconf 35' lang='lat'>¹</span> <span class='ocrx_word' id='word_1_195' title='bbox 129 2131 239 2194; x_wconf 85' lang='lat' dir='ltr'>Christi</span> <span class='ocrx_word' id='word_1_196' title='bbox 262 2130 419 2194; x_wconf 90' lang='lat' dir='ltr'>doctrinae</span> <span class='ocrx_word' id='word_1_197' title='bbox 443 2132 511 2194; x_wconf 88' lang='lat' dir='ltr'>lons</span> <span class='ocrx_word' id='word_1_198' title='bbox 536 2142 611 2212; x_wconf 87' lang='lat' dir='ltr'>erat,</span> <span class='ocrx_word' id='word_1_199' title='bbox 635 2141 666 2195; x_wconf 88' lang='lat' dir='ltr'>et</span> <span class='ocrx_word' id='word_1_200' title='bbox 688 2132 853 2196; x_wconf 87' lang='lat' dir='ltr'>hodiedum</span> <span class='ocrx_word' id='word_1_201' title='bbox 876 2150 947 2194; x_wconf 89' lang='lat' dir='ltr'>esse</span> <span class='ocrx_word' id='word_1_202' title='bbox 970 2137 1150 2212; x_wconf 90' lang='lat' dir='ltr'>perseverat</span> <span class='ocrx_word' id='word_1_203' title='bbox 1171 2132 1218 2205; x_wconf 69' lang='lat'>⁴⁵).</span> 
     </span>
    </p>
   </div>
   <div class='ocr_carea' id='block_1_3' title="bbox 122 2234 1368 3004">
    <p class='ocr_par' dir='ltr' id='par_1_3' title="bbox 122 2234 1368 3004">
     <span class='ocr_line' id='line_1_23' title="bbox 216 2234 1365 2315; baseline -0.002 -19"><span class='ocrx_word' id='word_1_204' title='bbox 216 2234 252 2310; x_wconf 87' lang='lat' dir='ltr'>b)</span> <span class='ocrx_word' id='word_1_205' title='bbox 275 2234 336 2295; x_wconf 85' lang='lat' dir='ltr'>illu</span> <span class='ocrx_word' id='word_1_206' title='bbox 368 2235 610 2299; x_wconf 82' lang='lat' dir='ltr'>Protestantiurn</span> <span class='ocrx_word' id='word_1_207' title='bbox 642 2239 676 2298; x_wconf 86' lang='lat' dir='ltr'>iu</span> <span class='ocrx_word' id='word_1_208' title='bbox 709 2237 891 2300; x_wconf 81' lang='lat' dir='ltr'>Catholicae</span> <span class='ocrx_word' id='word_1_209' title='bbox 923 2245 976 2298; x_wconf 89' lang='lat' dir='ltr'>sut</span> <span class='ocrx_word' id='word_1_210' title='bbox 1004 2236 1154 2315; x_wconf 68' lang='grc'><em>[3333333</em></span> <span class='ocrx_word' id='word_1_211' title='bbox 1186 2236 1365 2296; x_wconf 87' lang='lat' dir='ltr'>criminatio</span> 
     </span>
     <span class='ocr_line' id='line_1_24' title="bbox 128 2322 1365 2403; baseline 0 -20"><span class='ocrx_word' id='word_1_212' title='bbox 128 2323 240 2383; x_wconf 87' lang='lat' dir='ltr'>nititur</span> <span class='ocrx_word' id='word_1_213' title='bbox 258 2322 466 2399; x_wconf 85' lang='lat' dir='ltr'>praejudicio,</span> <span class='ocrx_word' id='word_1_214' title='bbox 489 2341 528 2385; x_wconf 88' lang='lat' dir='ltr'>ac</span> <span class='ocrx_word' id='word_1_215' title='bbox 551 2326 581 2385; x_wconf 87' lang='lat' dir='ltr'>si</span> <span class='ocrx_word' id='word_1_216' title='bbox 604 2327 708 2386; x_wconf 86' lang='lat' dir='ltr'>omniu</span> <span class='ocrx_word' id='word_1_217' title='bbox 729 2343 755 2385; x_wconf 90' lang='lat' dir='ltr'>s.</span> <span class='ocrx_word' id='word_1_218' title='bbox 778 2324 962 2403; x_wconf 80' lang='lat' dir='ltr'>scripturae</span> <span class='ocrx_word' id='word_1_219' title='bbox 995 2324 1066 2383; x_wconf 90' lang='lat' dir='ltr'>loca</span> <span class='ocrx_word' id='word_1_220' title='bbox 1085 2340 1145 2399; x_wconf 81' lang='lat' dir='ltr'>per</span> <span class='ocrx_word' id='word_1_221' title='bbox 1173 2323 1365 2399; x_wconf 76' lang='lat' dir='ltr'>interpreta-</span> 
     </span>
     <span class='ocr_line' id='line_1_25' title="bbox 129 2407 1366 2490; baseline 0.001 -22"><span class='ocrx_word' id='word_1_222' title='bbox 129 2410 243 2468; x_wconf 85' lang='lat' dir='ltr'>tionem</span> <span class='ocrx_word' id='word_1_223' title='bbox 265 2427 308 2469; x_wconf 90' lang='grc'>33.</span> <span class='ocrx_word' id='word_1_224' title='bbox 333 2407 462 2470; x_wconf 85' lang='lat' dir='ltr'>Petrum</span> <span class='ocrx_word' id='word_1_225' title='bbox 485 2419 515 2472; x_wconf 92' lang='lat' dir='ltr'>et</span> <span class='ocrx_word' id='word_1_226' title='bbox 536 2411 689 2472; x_wconf 86' lang='lat' dir='ltr'>ecclesiae</span> <span class='ocrx_word' id='word_1_227' title='bbox 712 2429 838 2472; x_wconf 87' lang='lat' dir='ltr'>sensum</span> <span class='ocrx_word' id='word_1_228' title='bbox 858 2411 993 2490; x_wconf 80' lang='lat' dir='ltr'>positive</span> <span class='ocrx_word' id='word_1_229' title='bbox 1015 2417 1120 2469; x_wconf 91' lang='grc'><em>333331</em></span> <span class='ocrx_word' id='word_1_230' title='bbox 1152 2407 1366 2469; x_wconf 81' lang='lat' dir='ltr'>determinata</span> 
     </span>
     <span class='ocr_line' id='line_1_26' title="bbox 126 2493 1367 2574; baseline -0.002 -19"><span class='ocrx_word' id='word_1_231' title='bbox 126 2493 243 2556; x_wconf 87' lang='lat' dir='ltr'>Paucis</span> <span class='ocrx_word' id='word_1_232' title='bbox 266 2493 345 2555; x_wconf 89' lang='lat' dir='ltr'>locis</span> <span class='ocrx_word' id='word_1_233' title='bbox 378 2497 526 2574; x_wconf 75' lang='lat' dir='ltr'>exceptis,</span> <span class='ocrx_word' id='word_1_234' title='bbox 549 2513 680 2574; x_wconf 83' lang='lat' dir='ltr'>quorum</span> <span class='ocrx_word' id='word_1_235' title='bbox 710 2515 837 2558; x_wconf 86' lang='grc'><em>3333333</em></span> <span class='ocrx_word' id='word_1_236' title='bbox 859 2495 994 2557; x_wconf 84' lang='grc'><em>33313313</em></span> <span class='ocrx_word' id='word_1_237' title='bbox 1024 2495 1196 2573; x_wconf 74' lang='lat' dir='ltr'>dogmatice</span> <span class='ocrx_word' id='word_1_238' title='bbox 1227 2494 1367 2570; x_wconf 78' lang='lat' dir='ltr'>definivit</span> 
     </span>
     <span class='ocr_line' id='line_1_27' title="bbox 127 2579 1367 2660; baseline 0.001 -20"><span class='ocrx_word' id='word_1_239' title='bbox 127 2589 183 2641; x_wconf 90' lang='lat' dir='ltr'>aut</span> <span class='ocrx_word' id='word_1_240' title='bbox 196 2582 300 2641; x_wconf 85' lang='lat' dir='ltr'>sancti</span> <span class='ocrx_word' id='word_1_241' title='bbox 311 2579 424 2641; x_wconf 84' lang='lat' dir='ltr'>Patres</span> <span class='ocrx_word' id='word_1_242' title='bbox 445 2584 641 2644; x_wconf 89' lang='lat' dir='ltr'>unanimiter</span> <span class='ocrx_word' id='word_1_243' title='bbox 658 2591 769 2659; x_wconf 89' lang='lat' dir='ltr'>tenent,</span> <span class='ocrx_word' id='word_1_244' title='bbox 784 2583 890 2643; x_wconf 86' lang='lat' dir='ltr'>amnia</span> <span class='ocrx_word' id='word_1_245' title='bbox 904 2581 1028 2660; x_wconf 82' lang='lat' dir='ltr'>reliqua</span> <span class='ocrx_word' id='word_1_246' title='bbox 1045 2580 1162 2640; x_wconf 86' lang='lat' dir='ltr'>liberae</span> <span class='ocrx_word' id='word_1_247' title='bbox 1184 2581 1367 2657; x_wconf 68' lang='lat' dir='ltr'>interpretis</span> 
     </span>
     <span class='ocr_line' id='line_1_28' title="bbox 126 2664 1365 2747; baseline 0 -22"><span class='ocrx_word' id='word_1_248' title='bbox 126 2665 324 2744; x_wconf 77' lang='lat' dir='ltr'>indagationi</span> <span class='ocrx_word' id='word_1_249' title='bbox 346 2674 420 2726; x_wconf 91' lang='lat' dir='ltr'>sunt</span> <span class='ocrx_word' id='word_1_250' title='bbox 441 2668 563 2743; x_wconf 87' lang='lat' dir='ltr'>relicta,</span> <span class='ocrx_word' id='word_1_251' title='bbox 586 2668 645 2730; x_wconf 90' lang='lat' dir='ltr'>sub</span> <span class='ocrx_word' id='word_1_252' title='bbox 668 2669 728 2731; x_wconf 88' lang='lat' dir='ltr'>huc</span> <span class='ocrx_word' id='word_1_253' title='bbox 752 2677 854 2730; x_wconf 88' lang='lat' dir='ltr'>tumen</span> <span class='ocrx_word' id='word_1_254' title='bbox 878 2668 952 2747; x_wconf 77' lang='lat' dir='ltr'>lege,</span> <span class='ocrx_word' id='word_1_255' title='bbox 976 2666 1016 2728; x_wconf 87' lang='lat' dir='ltr'>ab</span> <span class='ocrx_word' id='word_1_256' title='bbox 1039 2669 1111 2745; x_wconf 84' lang='lat' dir='ltr'>ipsa</span> <span class='ocrx_word' id='word_1_257' title='bbox 1132 2683 1175 2726; x_wconf 88' lang='grc'>33.</span> <span class='ocrx_word' id='word_1_258' title='bbox 1200 2664 1365 2727; x_wconf 83' lang='lat' dir='ltr'>literarum</span> 
     </span>
     <span class='ocr_line' id='line_1_29' title="bbox 127 2751 1368 2836; baseline 0.003 -25"><span class='ocrx_word' id='word_1_259' title='bbox 127 2751 231 2811; x_wconf 89' lang='lat' dir='ltr'>indole</span> <span class='ocrx_word' id='word_1_260' title='bbox 262 2751 398 2828; x_wconf 79' lang='lat' dir='ltr'>dictate,</span> <span class='ocrx_word' id='word_1_261' title='bbox 421 2772 459 2814; x_wconf 89' lang='lat' dir='ltr'>ne</span> <span class='ocrx_word' id='word_1_262' title='bbox 482 2755 516 2814; x_wconf 89' lang='lat' dir='ltr'>in</span> <span class='ocrx_word' id='word_1_263' title='bbox 537 2753 631 2816; x_wconf 85' lang='lat' dir='ltr'>rebus</span> <span class='ocrx_word' id='word_1_264' title='bbox 652 2756 726 2834; x_wconf 71' lang='lat' dir='ltr'>fidei</span> <span class='ocrx_word' id='word_1_265' title='bbox 748 2764 778 2816; x_wconf 91' lang='lat' dir='ltr'>et</span> <span class='ocrx_word' id='word_1_266' title='bbox 799 2773 919 2815; x_wconf 87' lang='lat' dir='ltr'>morum</span> <span class='ocrx_word' id='word_1_267' title='bbox 953 2754 1198 2836; x_wconf 78' lang='lat' dir='ltr'>christianorum</span> <span class='ocrx_word' id='word_1_268' title='bbox 1230 2770 1368 2831; x_wconf 77' lang='lat' dir='ltr'>unquam</span> 
     </span>
     <span class='ocr_line' id='line_1_30' title="bbox 122 2837 1367 2916; baseline 0.002 -20"><span class='ocrx_word' id='word_1_269' title='bbox 122 2846 250 2916; x_wconf 81' lang='lat' dir='ltr'>promat</span> <span class='ocrx_word' id='word_1_270' title='bbox 289 2856 416 2899; x_wconf 86' lang='lat' dir='ltr'>sensum</span> <span class='ocrx_word' id='word_1_271' title='bbox 453 2842 595 2901; x_wconf 87' lang='lat' dir='ltr'>unanimi</span> <span class='ocrx_word' id='word_1_272' title='bbox 628 2841 760 2902; x_wconf 84' lang='lat' dir='ltr'>Patrem</span> <span class='ocrx_word' id='word_1_273' title='bbox 799 2859 855 2902; x_wconf 89' lang='lat' dir='ltr'>seu</span> <span class='ocrx_word' id='word_1_274' title='bbox 895 2839 1047 2901; x_wconf 88' lang='lat' dir='ltr'>ecelesiae</span> <span class='ocrx_word' id='word_1_275' title='bbox 1077 2838 1152 2915; x_wconf 79' lang='lat' dir='ltr'>fidei</span> <span class='ocrx_word' id='word_1_276' title='bbox 1188 2837 1367 2900; x_wconf 75' lang='lat' dir='ltr'>adversans</span> 
     </span>
     <span class='ocr_line' id='line_1_31' title="bbox 127 2919 1367 3004; baseline 0.002 -21"><span class='ocrx_word' id='word_1_277' title='bbox 127 2919 232 2996; x_wconf 81' lang='lat' dir='ltr'>Quare</span> <span class='ocrx_word' id='word_1_278' title='bbox 262 2924 438 2985; x_wconf 78' lang='lat' dir='ltr'>industriae</span> <span class='ocrx_word' id='word_1_279' title='bbox 472 2927 542 3003; x_wconf 83' lang='lat' dir='ltr'>ejus</span> <span class='ocrx_word' id='word_1_280' title='bbox 564 2944 603 2988; x_wconf 87' lang='lat' dir='ltr'>ac</span> <span class='ocrx_word' id='word_1_281' title='bbox 626 2929 778 2989; x_wconf 80' lang='lat' dir='ltr'>scientiae</span> <span class='ocrx_word' id='word_1_282' title='bbox 802 2935 913 2988; x_wconf 86' lang='lat' dir='ltr'>castus</span> <span class='ocrx_word' id='word_1_283' title='bbox 934 2926 1122 3004; x_wconf 81' lang='lat' dir='ltr'>relinquitur</span> <span class='ocrx_word' id='word_1_284' title='bbox 1142 2941 1274 3002; x_wconf 81' lang='lat' dir='ltr'>campus</span> <span class='ocrx_word' id='word_1_285' title='bbox 1298 2924 1367 2998; x_wconf 36' lang='lat' dir='ltr'>aa).</span> 
     </span>
    </p>
   </div>
   <div class='ocr_carea' id='block_1_4' title="bbox 122 3026 1369 3452">
    <p class='ocr_par' dir='ltr' id='par_1_4' title="bbox 122 3026 1369 3452">
     <span class='ocr_line' id='line_1_32' title="bbox 212 3026 1368 3110; baseline 0.002 -23"><span class='ocrx_word' id='word_1_286' title='bbox 212 3031 248 3101; x_wconf 87' lang='lat' dir='ltr'>c)</span> <span class='ocrx_word' id='word_1_287' title='bbox 271 3027 340 3089; x_wconf 86' lang='lat' dir='ltr'>Non</span> <span class='ocrx_word' id='word_1_288' title='bbox 369 3028 513 3107; x_wconf 86' lang='lat' dir='ltr'>impediri</span> <span class='ocrx_word' id='word_1_289' title='bbox 543 3046 749 3110; x_wconf 72' lang='lat' dir='ltr'>progressum</span> <span class='ocrx_word' id='word_1_290' title='bbox 770 3031 951 3092; x_wconf 86' lang='lat' dir='ltr'>ulteriorem</span> <span class='ocrx_word' id='word_1_291' title='bbox 971 3026 1243 3107; x_wconf 83' lang='lat' dir='ltr'>percatholicam</span> <span class='ocrx_word' id='word_1_292' title='bbox 1264 3029 1368 3089; x_wconf 86' lang='lat' dir='ltr'>inter-</span> 
     </span>
     <span class='ocr_line' id='line_1_33' title="bbox 122 3114 1369 3195; baseline 0.001 -22"><span class='ocrx_word' id='word_1_293' title='bbox 122 3115 311 3191; x_wconf 82' lang='lat' dir='ltr'>pretationis</span> <span class='ocrx_word' id='word_1_294' title='bbox 333 3133 491 3190; x_wconf 87' lang='lat' dir='ltr'>normam,</span> <span class='ocrx_word' id='word_1_295' title='bbox 525 3118 647 3195; x_wconf 80' lang='lat' dir='ltr'>scripta</span> <span class='ocrx_word' id='word_1_296' title='bbox 671 3114 904 3177; x_wconf 81' lang='lat' dir='ltr'>Catholicorum</span> <span class='ocrx_word' id='word_1_297' title='bbox 935 3125 996 3177; x_wconf 89' lang='lat' dir='ltr'>tum</span> <span class='ocrx_word' id='word_1_298' title='bbox 1026 3116 1274 3190; x_wconf 82' lang='lat' dir='ltr'>hermeneutiea,</span> <span class='ocrx_word' id='word_1_299' title='bbox 1306 3124 1369 3176; x_wconf 85' lang='lat' dir='ltr'>turn</span> 
     </span>
     <span class='ocr_line' id='line_1_34' title="bbox 124 3200 1369 3281; baseline 0.002 -23"><span class='ocrx_word' id='word_1_300' title='bbox 124 3200 305 3279; x_wconf 69' lang='grc'><em>1333933133,</em></span> <span class='ocrx_word' id='word_1_301' title='bbox 337 3208 400 3262; x_wconf 88' lang='lat' dir='ltr'>tum</span> <span class='ocrx_word' id='word_1_302' title='bbox 436 3203 595 3280; x_wconf 77' lang='lat' dir='ltr'>eaepetioa</span> <span class='ocrx_word' id='word_1_303' title='bbox 616 3211 688 3264; x_wconf 91' lang='lat' dir='ltr'>ante</span> <span class='ocrx_word' id='word_1_304' title='bbox 711 3211 834 3281; x_wconf 88' lang='lat' dir='ltr'>etpost</span> <span class='ocrx_word' id='word_1_305' title='bbox 855 3201 1023 3262; x_wconf 84' lang='lat' dir='ltr'>concilium</span> <span class='ocrx_word' id='word_1_306' title='bbox 1047 3200 1260 3261; x_wconf 65' lang='lat' dir='ltr'>tridentinum</span> <span class='ocrx_word' id='word_1_307' title='bbox 1283 3201 1369 3261; x_wconf 84' lang='lat' dir='ltr'>edita</span> 
     </span>
     <span class='ocr_line' id='line_1_35' title="bbox 125 3285 1368 3367; baseline 0.003 -23"><span class='ocrx_word' id='word_1_308' title='bbox 125 3293 177 3346; x_wconf 86' lang='lat' dir='ltr'>sat</span> <span class='ocrx_word' id='word_1_309' title='bbox 207 3285 380 3348; x_wconf 83' lang='lat' dir='ltr'>luculenter</span> <span class='ocrx_word' id='word_1_310' title='bbox 408 3287 535 3363; x_wconf 87' lang='lat' dir='ltr'>doceat,</span> <span class='ocrx_word' id='word_1_311' title='bbox 569 3290 681 3367; x_wconf 81' lang='lat' dir='ltr'>quippe</span> <span class='ocrx_word' id='word_1_312' title='bbox 711 3306 809 3367; x_wconf 82' lang='lat' dir='ltr'>quae,</span> <span class='ocrx_word' id='word_1_313' title='bbox 839 3289 914 3349; x_wconf 86' lang='lat' dir='ltr'>licet</span> <span class='ocrx_word' id='word_1_314' title='bbox 941 3286 1028 3348; x_wconf 88' lang='lat' dir='ltr'>haud</span> <span class='ocrx_word' id='word_1_315' title='bbox 1059 3304 1230 3347; x_wconf 81' lang='lat' dir='ltr'>rarorum</span> <span class='ocrx_word' id='word_1_316' title='bbox 1253 3305 1368 3364; x_wconf 75' lang='lat' dir='ltr'>magno</span> 
     </span>
     <span class='ocr_line' id='line_1_36' title="bbox 125 3371 1368 3452; baseline 0.002 -21"><span class='ocrx_word' id='word_1_317' title='bbox 125 3371 313 3434; x_wconf 86' lang='lat' dir='ltr'>eruditionis</span> <span class='ocrx_word' id='word_1_318' title='bbox 334 3382 491 3452; x_wconf 82' lang='lat' dir='ltr'>apparatu</span> <span class='ocrx_word' id='word_1_319' title='bbox 513 3383 543 3436; x_wconf 90' lang='lat' dir='ltr'>et</span> <span class='ocrx_word' id='word_1_320' title='bbox 564 3375 683 3452; x_wconf 77' lang='lat' dir='ltr'>insigni</span> <span class='ocrx_word' id='word_1_321' title='bbox 704 3392 775 3435; x_wconf 87' lang='lat' dir='ltr'>cum</span> <span class='ocrx_word' id='word_1_322' title='bbox 797 3375 958 3452; x_wconf 76' lang='lat' dir='ltr'>diligentia</span> <span class='ocrx_word' id='word_1_323' title='bbox 980 3371 1173 3446; x_wconf 86' lang='lat' dir='ltr'>elucubrata,</span> <span class='ocrx_word' id='word_1_324' title='bbox 1189 3390 1255 3432; x_wconf 90' lang='lat' dir='ltr'>non</span> <span class='ocrx_word' id='word_1_325' title='bbox 1276 3377 1368 3434; x_wconf 87' lang='lat' dir='ltr'>omni</span> 
     </span>
    </p>
   </div>
   <div class='ocr_carea' id='block_1_5' title="bbox 160 3696 1373 4526">
    <p class='ocr_par' dir='ltr' id='par_1_5' title="bbox 160 3696 1373 4526">
     <span class='ocr_line' id='line_1_37' title="bbox 160 3696 1370 3820; baseline -0.001 -71"><span class='ocrx_word' id='word_1_326' title='bbox 160 3699 189 3764; x_wconf 69' lang='lat'>⁵)</span> <span class='ocrx_word' id='word_1_327' title='bbox 213 3699 361 3819; x_wconf 57' lang='grc' dir='ltr'><em>Ιέ133ιέ3313</em></span> <span class='ocrx_word' id='word_1_328' title='bbox 381 3700 663 3820; x_wconf 61' lang='grc' dir='ltr'><em>333ἀ33333313η111311</em></span> <span class='ocrx_word' id='word_1_329' title='bbox 686 3701 799 3820; x_wconf 47' lang='lat' dir='ltr'>Mniriierf</span> <span class='ocrx_word' id='word_1_330' title='bbox 833 3699 957 3818; x_wconf 31' lang='lat' dir='ltr'>H&#39;Splhaplc</span> <span class='ocrx_word' id='word_1_331' title='bbox 977 3696 1370 3817; x_wconf 46' lang='grc' dir='ltr'><em>(11318311ἷὶ[11313133111113333</em></span> 
     </span>
     <span class='ocr_line' id='line_1_38' title="bbox 237 3782 1370 3830; baseline -0.001 -12"><span class='ocrx_word' id='word_1_332' title='bbox 237 3784 273 3819; x_wconf 83' lang='lat' dir='ltr'>ens</span> <span class='ocrx_word' id='word_1_333' title='bbox 328 3785 370 3830; x_wconf 80' lang='lat' dir='ltr'>an,</span> <span class='ocrx_word' id='word_1_334' title='bbox 395 3785 429 3820; x_wconf 89' lang='lat' dir='ltr'>un</span> <span class='ocrx_word' id='word_1_335' title='bbox 469 3785 507 3820; x_wconf 84' lang='grc'>313</span> <span class='ocrx_word' id='word_1_336' title='bbox 535 3787 584 3822; x_wconf 80' lang='lat' dir='ltr'>wir</span> <span class='ocrx_word' id='word_1_337' title='bbox 632 3785 674 3821; x_wconf 84' lang='lat' dir='ltr'>ern</span> <span class='ocrx_word' id='word_1_338' title='bbox 782 3785 808 3819; x_wconf 83' lang='lat' dir='ltr'>nn</span> <span class='ocrx_word' id='word_1_339' title='bbox 851 3786 901 3829; x_wconf 84' lang='lat' dir='ltr'>rc,</span> <span class='ocrx_word' id='word_1_340' title='bbox 947 3784 975 3818; x_wconf 86' lang='lat' dir='ltr'>as</span> <span class='ocrx_word' id='word_1_341' title='bbox 1003 3783 1093 3818; x_wconf 84' lang='lat' dir='ltr'>rrvo</span> <span class='ocrx_word' id='word_1_342' title='bbox 1134 3782 1236 3816; x_wconf 88' lang='lat' dir='ltr'>ommcn</span> <span class='ocrx_word' id='word_1_343' title='bbox 1285 3782 1327 3818; x_wconf 89' lang='lat' dir='ltr'>erc</span> <span class='ocrx_word' id='word_1_344' title='bbox 1363 3785 1370 3828; x_wconf 91' lang='lat'>;</span> 
     </span>
     <span class='ocr_line' id='line_1_39' title="bbox 214 3782 1371 3904; baseline -0.002 -17"><span class='ocrx_word' id='word_1_345' title='bbox 214 3835 347 3888; x_wconf 84' lang='lat' dir='ltr'>betrachte</span> <span class='ocrx_word' id='word_1_346' title='bbox 367 3836 494 3888; x_wconf 83' lang='lat' dir='ltr'>Christum</span> <span class='ocrx_word' id='word_1_347' title='bbox 513 3841 539 3889; x_wconf 91' lang='lat' dir='ltr'>in</span> <span class='ocrx_word' id='word_1_348' title='bbox 558 3839 609 3889; x_wconf 90' lang='lat' dir='ltr'>und</span> <span class='ocrx_word' id='word_1_349' title='bbox 629 3841 673 3890; x_wconf 89' lang='lat' dir='ltr'>mit</span> <span class='ocrx_word' id='word_1_350' title='bbox 691 3841 777 3890; x_wconf 89' lang='lat' dir='ltr'>sciner</span> <span class='ocrx_word' id='word_1_351' title='bbox 796 3836 957 3904; x_wconf 74' lang='lat' dir='ltr'>Schtiplung,</span> <span class='ocrx_word' id='word_1_352' title='bbox 976 3836 1022 3886; x_wconf 91' lang='lat' dir='ltr'>der</span> <span class='ocrx_word' id='word_1_353' title='bbox 1040 3835 1143 3898; x_wconf 79' lang='grc'><em>11133113,</em></span> <span class='ocrx_word' id='word_1_354' title='bbox 1162 3782 1304 3886; x_wconf 65' lang='grc'><em>(1313111313</em></span> <span class='ocrx_word' id='word_1_355' title='bbox 1323 3852 1371 3885; x_wconf 88' lang='lat' dir='ltr'>zu-</span> 
     </span>
     <span class='ocr_line' id='line_1_40' title="bbox 212 3902 1372 3972; baseline -0.003 -16"><span class='ocrx_word' id='word_1_356' title='bbox 212 3904 381 3969; x_wconf 71' lang='lat' dir='ltr'>reichendcm</span> <span class='ocrx_word' id='word_1_357' title='bbox 411 3906 453 3959; x_wconf 93' lang='lat' dir='ltr'>ihn</span> <span class='ocrx_word' id='word_1_358' title='bbox 478 3908 661 3959; x_wconf 87' lang='lat' dir='ltr'>vertrcteuden</span> <span class='ocrx_word' id='word_1_359' title='bbox 686 3909 838 3969; x_wconf 72' lang='lat' dir='ltr'>Auctorittit</span> <span class='ocrx_word' id='word_1_360' title='bbox 864 3905 917 3956; x_wconf 92' lang='lat' dir='ltr'>und</span> <span class='ocrx_word' id='word_1_361' title='bbox 940 3905 974 3955; x_wconf 92' lang='lat' dir='ltr'>du</span> <span class='ocrx_word' id='word_1_362' title='bbox 1001 3910 1088 3972; x_wconf 78' lang='lat' dir='ltr'>prtgst</span> <span class='ocrx_word' id='word_1_363' title='bbox 1111 3903 1155 3955; x_wconf 90' lang='lat' dir='ltr'>ihn</span> <span class='ocrx_word' id='word_1_364' title='bbox 1180 3902 1220 3953; x_wconf 92' lang='lat' dir='ltr'>dir</span> <span class='ocrx_word' id='word_1_365' title='bbox 1239 3902 1372 3954; x_wconf 87' lang='lat' dir='ltr'>wahrhnlt</span> 
     </span>
     <span class='ocr_line' id='line_1_41' title="bbox 213 3972 1369 4040; baseline -0.002 -14"><span class='ocrx_word' id='word_1_366' title='bbox 213 3977 263 4026; x_wconf 86' lang='lat' dir='ltr'>ein.</span> <span class='ocrx_word' id='word_1_367' title='bbox 301 3975 382 4027; x_wconf 87' lang='lat' dir='ltr'>Solita</span> <span class='ocrx_word' id='word_1_368' title='bbox 401 3992 453 4027; x_wconf 91' lang='lat' dir='ltr'>nnn</span> <span class='ocrx_word' id='word_1_369' title='bbox 472 3976 547 4037; x_wconf 67' lang='lat' dir='ltr'>auch,</span> <span class='ocrx_word' id='word_1_370' title='bbox 566 3991 609 4026; x_wconf 89' lang='lat' dir='ltr'>um</span> <span class='ocrx_word' id='word_1_371' title='bbox 627 3976 719 4028; x_wconf 84' lang='lat' dir='ltr'>diesen</span> <span class='ocrx_word' id='word_1_372' title='bbox 738 3974 880 4027; x_wconf 81' lang='lat' dir='ltr'>Grandsatu</span> <span class='ocrx_word' id='word_1_373' title='bbox 904 3989 937 4024; x_wconf 81' lang='lat' dir='ltr'>nn</span> <span class='ocrx_word' id='word_1_374' title='bbox 954 3973 1116 4033; x_wconf 79' lang='lat' dir='ltr'>vorhithnen,</span> <span class='ocrx_word' id='word_1_375' title='bbox 1136 3981 1230 4040; x_wconf 82' lang='lat' dir='ltr'>gesagt</span> <span class='ocrx_word' id='word_1_376' title='bbox 1248 3972 1369 4032; x_wconf 85' lang='lat' dir='ltr'>worden,</span> 
     </span>
     <span class='ocr_line' id='line_1_42' title="bbox 212 4040 1372 4112; baseline -0.003 -17"><span class='ocrx_word' id='word_1_377' title='bbox 212 4059 241 4095; x_wconf 86' lang='lat' dir='ltr'>er</span> <span class='ocrx_word' id='word_1_378' title='bbox 258 4045 298 4096; x_wconf 88' lang='grc'>331</span> <span class='ocrx_word' id='word_1_379' title='bbox 323 4044 518 4112; x_wconf 85' lang='lat' dir='ltr'>gleichlautcnd</span> <span class='ocrx_word' id='word_1_380' title='bbox 542 4044 636 4096; x_wconf 80' lang='lat' dir='ltr'>demit:</span> <span class='ocrx_word' id='word_1_381' title='bbox 665 4045 767 4096; x_wconf 87' lang='lat' dir='ltr'>Schauo</span> <span class='ocrx_word' id='word_1_382' title='bbox 791 4043 833 4094; x_wconf 90' lang='lat' dir='ltr'>die</span> <span class='ocrx_word' id='word_1_383' title='bbox 857 4042 952 4094; x_wconf 87' lang='lat' dir='ltr'>Schrilt</span> <span class='ocrx_word' id='word_1_384' title='bbox 976 4045 1021 4093; x_wconf 89' lang='lat' dir='ltr'>ruit</span> <span class='ocrx_word' id='word_1_385' title='bbox 1048 4041 1095 4092; x_wconf 91' lang='lat' dir='ltr'>dcr</span> <span class='ocrx_word' id='word_1_386' title='bbox 1111 4040 1191 4092; x_wconf 90' lang='lat' dir='ltr'>Brille</span> <span class='ocrx_word' id='word_1_387' title='bbox 1210 4040 1257 4092; x_wconf 91' lang='lat' dir='ltr'>der</span> <span class='ocrx_word' id='word_1_388' title='bbox 1275 4041 1372 4092; x_wconf 81' lang='lat' dir='ltr'>llireho</span> 
     </span>
     <span class='ocr_line' id='line_1_43' title="bbox 212 4108 1372 4175; baseline -0.002 -12"><span class='ocrx_word' id='word_1_389' title='bbox 212 4128 254 4175; x_wconf 83' lang='grc'>33,</span> <span class='ocrx_word' id='word_1_390' title='bbox 279 4112 332 4165; x_wconf 84' lang='lat' dir='ltr'>lass</span> <span class='ocrx_word' id='word_1_391' title='bbox 355 4114 416 4166; x_wconf 86' lang='lat' dir='ltr'>dich</span> <span class='ocrx_word' id='word_1_392' title='bbox 442 4114 513 4166; x_wconf 90' lang='lat' dir='ltr'>nicht</span> <span class='ocrx_word' id='word_1_393' title='bbox 537 4118 640 4175; x_wconf 82' lang='lat' dir='ltr'>sttiren3</span> <span class='ocrx_word' id='word_1_394' title='bbox 665 4129 693 4164; x_wconf 86' lang='grc'>33</span> <span class='ocrx_word' id='word_1_395' title='bbox 718 4115 751 4163; x_wconf 84' lang='grc'>131</span> <span class='ocrx_word' id='word_1_396' title='bbox 776 4112 877 4175; x_wconf 78' lang='lat' dir='ltr'>berner,</span> <span class='ocrx_word' id='word_1_397' title='bbox 902 4111 936 4161; x_wconf 90' lang='lat' dir='ltr'>dn</span> <span class='ocrx_word' id='word_1_398' title='bbox 961 4109 1121 4161; x_wconf 82' lang='lat' dir='ltr'>batrachtest</span> <span class='ocrx_word' id='word_1_399' title='bbox 1139 4109 1185 4161; x_wconf 87' lang='lat' dir='ltr'>das</span> <span class='ocrx_word' id='word_1_400' title='bbox 1204 4108 1308 4161; x_wconf 83' lang='lat' dir='ltr'>Gestim</span> <span class='ocrx_word' id='word_1_401' title='bbox 1327 4112 1372 4161; x_wconf 88' lang='lat' dir='ltr'>mit</span> 
     </span>
     <span class='ocr_line' id='line_1_44' title="bbox 212 4177 1373 4252; baseline -0.002 -21"><span class='ocrx_word' id='word_1_402' title='bbox 212 4180 395 4235; x_wconf 79' lang='lat' dir='ltr'>bewnffnetcm</span> <span class='ocrx_word' id='word_1_403' title='bbox 413 4182 499 4252; x_wconf 75' lang='lat' dir='ltr'>Auge,</span> <span class='ocrx_word' id='word_1_404' title='bbox 518 4180 556 4233; x_wconf 82' lang='grc'>313</span> <span class='ocrx_word' id='word_1_405' title='bbox 576 4181 635 4232; x_wconf 85' lang='lat' dir='ltr'>dass</span> <span class='ocrx_word' id='word_1_406' title='bbox 656 4197 683 4233; x_wconf 88' lang='grc'>33</span> <span class='ocrx_word' id='word_1_407' title='bbox 703 4181 794 4232; x_wconf 88' lang='lat' dir='ltr'>deiner</span> <span class='ocrx_word' id='word_1_408' title='bbox 822 4179 951 4245; x_wconf 85' lang='lat' dir='ltr'>stumplen</span> <span class='ocrx_word' id='word_1_409' title='bbox 971 4177 1092 4229; x_wconf 83' lang='lat' dir='ltr'>Sehkralt</span> <span class='ocrx_word' id='word_1_410' title='bbox 1111 4186 1154 4229; x_wconf 87' lang='lat' dir='ltr'>ent</span> <span class='ocrx_word' id='word_1_411' title='bbox 1174 4177 1233 4241; x_wconf 77' lang='lat' dir='ltr'>che,</span> <span class='ocrx_word' id='word_1_412' title='bbox 1259 4178 1314 4230; x_wconf 88' lang='lat' dir='ltr'>und</span> <span class='ocrx_word' id='word_1_413' title='bbox 1333 4179 1373 4229; x_wconf 90' lang='lat' dir='ltr'>dir</span> 
     </span>
     <span class='ocr_line' id='line_1_45' title="bbox 212 4192 1372 4304; baseline -0.003 -4"><span class='ocrx_word' id='word_1_414' title='bbox 212 4251 239 4300; x_wconf 89' lang='lat' dir='ltr'>in</span> <span class='ocrx_word' id='word_1_415' title='bbox 257 4251 339 4303; x_wconf 84' lang='lat' dir='ltr'>Nacht</span> <span class='ocrx_word' id='word_1_416' title='bbox 356 4252 409 4304; x_wconf 90' lang='lat' dir='ltr'>und</span> <span class='ocrx_word' id='word_1_417' title='bbox 434 4250 518 4304; x_wconf 84' lang='lat' dir='ltr'>Nebel</span> <span class='ocrx_word' id='word_1_418' title='bbox 545 4249 658 4301; x_wconf 86' lang='lat' dir='ltr'>verhdllt</span> <span class='ocrx_word' id='word_1_419' title='bbox 683 4247 781 4303; x_wconf 85' lang='lat' dir='ltr'>hlaibe.</span> <span class='ocrx_word' id='word_1_420' title='bbox 817 4248 897 4299; x_wconf 84' lang='lat' dir='ltr'>Eincr</span> <span class='ocrx_word' id='word_1_421' title='bbox 914 4246 993 4298; x_wconf 80' lang='lat' dir='ltr'>Erillo</span> <span class='ocrx_word' id='word_1_422' title='bbox 1011 4250 1084 4298; x_wconf 82' lang='lat' dir='ltr'>wirnt</span> <span class='ocrx_word' id='word_1_423' title='bbox 1102 4247 1137 4297; x_wconf 86' lang='lat' dir='ltr'>du</span> <span class='ocrx_word' id='word_1_424' title='bbox 1155 4192 1216 4297; x_wconf 75' lang='grc'><em>11311</em></span> <span class='ocrx_word' id='word_1_425' title='bbox 1233 4247 1372 4299; x_wconf 85' lang='lat' dir='ltr'>immerhin</span> 
     </span>
     <span class='ocr_line' id='line_1_46' title="bbox 213 4314 1372 4384; baseline -0.003 -14"><span class='ocrx_word' id='word_1_426' title='bbox 213 4317 344 4371; x_wconf 85' lang='lat' dir='ltr'>bedienon</span> <span class='ocrx_word' id='word_1_427' title='bbox 362 4327 476 4384; x_wconf 76' lang='grc'><em>3113333,</em></span> <span class='ocrx_word' id='word_1_428' title='bbox 496 4318 559 4370; x_wconf 86' lang='lat' dir='ltr'>ahor</span> <span class='ocrx_word' id='word_1_429' title='bbox 576 4321 654 4370; x_wconf 87' lang='lat' dir='ltr'>nimrn</span> <span class='ocrx_word' id='word_1_430' title='bbox 673 4317 732 4369; x_wconf 90' lang='lat' dir='ltr'>dich</span> <span class='ocrx_word' id='word_1_431' title='bbox 756 4320 783 4368; x_wconf 91' lang='lat' dir='ltr'>in</span> <span class='ocrx_word' id='word_1_432' title='bbox 800 4316 876 4377; x_wconf 79' lang='lat' dir='ltr'>Acht,</span> <span class='ocrx_word' id='word_1_433' title='bbox 901 4315 962 4367; x_wconf 81' lang='lat' dir='ltr'>dass</span> <span class='ocrx_word' id='word_1_434' title='bbox 980 4315 1015 4365; x_wconf 89' lang='lat' dir='ltr'>da</span> <span class='ocrx_word' id='word_1_435' title='bbox 1034 4318 1072 4367; x_wconf 87' lang='grc'>313</span> <span class='ocrx_word' id='word_1_436' title='bbox 1091 4315 1131 4366; x_wconf 91' lang='lat' dir='ltr'>dir</span> <span class='ocrx_word' id='word_1_437' title='bbox 1147 4314 1219 4367; x_wconf 86' lang='lat' dir='ltr'>nicht</span> <span class='ocrx_word' id='word_1_438' title='bbox 1237 4331 1292 4367; x_wconf 87' lang='lat' dir='ltr'>von</span> <span class='ocrx_word' id='word_1_439' title='bbox 1312 4315 1372 4367; x_wconf 84' lang='lat' dir='ltr'>dem</span> 
     </span>
     <span class='ocr_line' id='line_1_47' title="bbox 214 4383 1373 4447; baseline -0.003 -10"><span class='ocrx_word' id='word_1_440' title='bbox 214 4388 339 4441; x_wconf 78' lang='grc'><em>3113133133</em></span> <span class='ocrx_word' id='word_1_441' title='bbox 356 4389 449 4442; x_wconf 83' lang='lat' dir='ltr'>hasten</span> <span class='ocrx_word' id='word_1_442' title='bbox 475 4387 659 4441; x_wconf 85' lang='lat' dir='ltr'>Glasschlciler</span> <span class='ocrx_word' id='word_1_443' title='bbox 682 4386 789 4437; x_wconf 78' lang='lat' dir='ltr'>zurecht</span> <span class='ocrx_word' id='word_1_444' title='bbox 816 4384 925 4447; x_wconf 73' lang='grc'><em>31311133,</em></span> <span class='ocrx_word' id='word_1_445' title='bbox 944 4384 996 4434; x_wconf 87' lang='lat' dir='ltr'>und</span> <span class='ocrx_word' id='word_1_446' title='bbox 1012 4384 1194 4437; x_wconf 83' lang='grc'><em>331111311333</em></span> <span class='ocrx_word' id='word_1_447' title='bbox 1212 4383 1373 4436; x_wconf 81' lang='grc'><em>331333133-</em></span> 
     </span>
     <span class='ocr_line' id='line_1_48' title="bbox 215 4455 775 4526; baseline 0 -20"><span class='ocrx_word' id='word_1_448' title='bbox 215 4462 296 4508; x_wconf 83' lang='grc'><em>3331.“</em></span> <span class='ocrx_word' id='word_1_449' title='bbox 315 4457 450 4524; x_wconf 82' lang='lat' dir='ltr'>Symbolik</span> <span class='ocrx_word' id='word_1_450' title='bbox 467 4474 528 4526; x_wconf 74' lang='lat' dir='ltr'>pag.</span> <span class='ocrx_word' id='word_1_451' title='bbox 545 4455 606 4511; x_wconf 81' lang='lat'><strong>373.</strong></span> <span class='ocrx_word' id='word_1_452' title='bbox 626 4456 667 4506; x_wconf 84' lang='lat' dir='ltr'>lv.</span> <span class='ocrx_word' id='word_1_453' title='bbox 685 4455 775 4507; x_wconf 80' lang='lat' dir='ltr'>editio.</span> 
     </span>
    </p>
   </div>
   <div class='ocr_carea' id='block_1_6' title="bbox 153 4545 1101 4621">
    <p class='ocr_par' dir='ltr' id='par_1_6' title="bbox 153 4545 1101 4621">
     <span class='ocr_line' id='line_1_49' title="bbox 153 4545 1101 4621; baseline -0.004 -18"><span class='ocrx_word' id='word_1_454' title='bbox 153 4549 199 4615; x_wconf 75' lang='lat'>”)</span> <span class='ocrx_word' id='word_1_455' title='bbox 217 4549 261 4602; x_wconf 86' lang='lat' dir='ltr'>Gir</span> <span class='ocrx_word' id='word_1_456' title='bbox 277 4550 376 4607; x_wconf 81' lang='lat' dir='ltr'>lltthler</span> <span class='ocrx_word' id='word_1_457' title='bbox 392 4554 435 4607; x_wconf 90' lang='lat' dir='ltr'>lib.</span> <span class='ocrx_word' id='word_1_458' title='bbox 456 4555 498 4605; x_wconf 80' lang='lat' dir='ltr'>cit</span> <span class='ocrx_word' id='word_1_459' title='bbox 516 4568 574 4621; x_wconf 75' lang='lat' dir='ltr'>pag.</span> <span class='ocrx_word' id='word_1_460' title='bbox 593 4550 653 4604; x_wconf 79' lang='lat'>³9³.</span> <span class='ocrx_word' id='word_1_461' title='bbox 671 4550 766 4602; x_wconf 77' lang='lat' dir='ltr'>bolanis</span> <span class='ocrx_word' id='word_1_462' title='bbox 784 4549 943 4601; x_wconf 85' lang='lat' dir='ltr'>hermeneut.</span> <span class='ocrx_word' id='word_1_463' title='bbox 961 4560 1022 4613; x_wconf 75' lang='lat' dir='ltr'>pag.</span> <span class='ocrx_word' id='word_1_464' title='bbox 1043 4545 1101 4600; x_wconf 82' lang='lat'><strong>158.</strong></span> 
     </span>
    </p>
   </div>
   <div class='ocr_carea' id='block_1_7' title="bbox 0 0 1438 4896">
    <p class='ocr_par' dir='ltr' id='par_1_7' title="bbox 0 0 1438 4896">
     <span class='ocr_line' id='line_1_50' title="bbox 0 0 1438 4896; baseline 0 0"><span class='ocrx_word' id='word_1_465' title='bbox 0 0 1438 4896; x_wconf 95' lang='lat' dir='ltr'> </span> 
     </span>
    </p>
   </div>
  </div>
 </body>
</html>
