2834 4896
130 220 195 285 „0
890 202 904 215 -.
1358 17 1413 303 t

216 401 252 472 c)
275 413 299 460 a.
324 396 433 459 Paulus
455 397 524 460 Act.
549 397 598 475 td,
624 394 653 459 3.
689 397 881 460 Timotheum
911 403 1040 480 propter
1060 398 1206 462 Judaeos'
1223 393 1361 462 circnm-
1408 414 1412 423 ·

129 483 244 546 cidisse
266 484 389 566 legitur,
403 485 467 564 ipsa
485 503 536 545 res
561 485 663 561 docet,
679 502 739 546 non
758 485 797 545 de
820 485 1107 548 accommodatione
1130 486 1265 566 positive
1282 480 1364 568 'dog‘-

130 571 249 647 matica,
273 571 328 632 sed
354 571 393 632 de
416 572 521 632 morali
546 578 659 632 tanturn
684 572 813 653 cogitari
835 590 940 652 posse,
965 589 1023 652 qua
1048 572 1218 650 Apostolus
1244 572 1363 652 opinio·

129 675 198 718 nem
219 655 406 719 ludaeorum
429 664 460 719 et
481 657 863 720 iudaea-Christianorum
888 660 926 720 de
950 664 1098 739 perpetuo
1124 660 1203 740 legis
1226 676 1367 720 ceremo-

129 743 218 805 nialia
250 743 356 806 valore
388 744 585 806 confirmasse
609 743 670 807 dici
702 745 817 824 nequit,
847 763 915 806 cum
939 745 1014 807 alias
1036 746 1175 826 repetitis
1200 745 1323 808 vicibus
1342 751 1368 807 et

131 830 214 892 clare
238 829 360 905 doceat,
385 832 650 893 circumcisionem
675 836 706 891 et
729 833 898 913 generatim
927 830 1008 914 legis
1042 833 1200 895 mosaicae
1222 831 1368 894 observa-

130 915 245 977 tionem
269 916 446 979 Christianis
481 919 603 979 minime
636 919 843 980 necessariam
876 936 958 995 esse,
982 924 1014 980 et
1035 919 1221 979 contrarium
1256 917 1369 979 docen-

131 1003 211 1064 tibus
246 1010 424 1066 constanter
447 1005 540 1065 etita
572 1004 763 1081 adversetur,
793 1011 826 1066 ul
849 1006 895 1068 eis
918 1005 967 1067 vel
991 1004 1119 1067 salutem
1141 1021 1203 1085 per
1224 1002 1369 1066 Christum

132 1088 327 1152 obtinendam
350 1089 495 1172 deneget.
518 1089 580 1152 Cir.
604 1090 667 1153 Gal.
692 1092 722 1168 5,
745 1091 842 1154 2-4.

220 1176 429 1258 Quaecunque
463 1184 624 1259 praeterea
649 1196 672 1239 s.
697 1178 873 1254 Scripturas
903 1177 971 1240 loca
994 1176 1044 1239 vel
1068 1194 1127 1238 ceu
1149 1174 1309 1257 exempla,
1328 1176 1371 1237 vel

133 1280 192 1343 qua
224 1265 396 1325 testimonia
431 1265 721 1326 accommodationis
757 1262 859 1327 iactae
892 1272 1089 1346 promuntur,
1123 1263 1164 1325 ita
1200 1268 1370 1345 comparata

133 1356 213 1427 sunt,
236 1357 270 1412 ut
291 1351 398 1430 partim
421 1350 520 1411 solum
543 1350 835 1413 accommodationis
859 1356 910 1412 aut
931 1350 1176 1433 paedagogicae,
1195 1357 1250 1412 aut
1274 1366 1372 1410 mora-

119 1435 181 1513 ·lis,
206 1443 256 1498 aut
290 1436 327 1498 ad
351 1455 499 1498 summurn
533 1439 676 1519 negative
712 1437 906 1520 dogmaticae
936 1437 1067 1519 vestigia
1100 1434 1369 1516 praeseferens

135 1523 241 1604 partim
275 1527 443 1584 sententias
468 1523 610 1603 judaicas
645 1523 829 1603 exhibeant,
854 1541 934 1604 quae
958 1523 1075 1603 absque
1098 1521 1305 1584 fundamento
1326 1528 1369 1583 te-

133 1610 259 1671 nuiores
283 1616 335 1671 aut
356 1609 454 1672 falsae
476 1616 633 1687 vocantur,
656 1629 683 1671 v.
707 1629 737 1694 g.
760 1610 830 1672 dum
856 1610 992 1673 Christus
1015 1611 1062 1672 lo.
1085 1609 1117 1686 8,
1139 1608 1195 1670 44.
1222 1609 1368 1670 diabolum

136 1696 174 1757 ab
196 1696 281 1758 initio
304 1695 485 1759 homicidam
509 1695 606 1760 fuisse
629 1697 718 1772 dicit3
743 1699 814 1759 dum
832 1695 981 1759 Dominus
1002 1696 1071 1777 ipse
1094 1703 1126 1757 ct
1148 1696 1219 1776 eJus
1239 1693 1368 1775 Apostoli

135 1799 160 1845 s.
185 1783 369 1863 Scripturam
400 1785 574 1865 inspiratam
598 1802 681 1860 esse,
711 1785 852 1845 vaticinia
874 1785 906 1845 in
929 1783 1070 1844 Messinm
1094 1782 1230 1862 ejusque
1254 1781 1367 1842 instita-

135 1876 196 1930 tum
232 1869 346 1931 directa
378 1877 409 1931 et
438 1870 587 1933 indirecta
619 1870 779 1932 continere
803 1870 925 1947 docent,
956 1875 987 1930 ct
1016 1868 1134 1931 similia.
1158 1904 1202 1915 -
1228 1867 1370 1932 Omnibus

134 1959 219 2019 bisce
249 1959 417 2036 perpensis
446 1960 479 2018 in
501 1959 611 2036 aprico
641 1966 704 2032 est,
738 1967 875 2038 systema
908 1956 1213 2017 accommodationis
1245 1956 1369 2035 pondes

134 2045 329 2121 dopmattcoe
360 2063 430 2105 esse
457 2045 586 2123 falsum,
619 2046 756 2124 impium,
780 2052 810 2106 et
831 2062 953 2105 omnem
985 2043 1159 2105 revelatam
1192 2042 1370 2122 religionen

134 2140 286 2193 evertens.

683 2273 713 2342 §.
750 2265 822 2330 128.

635 2402 659 2455 3.
677 2403 873 2472 Argumentum.

218 2547 257 2610 Ut
278 2549 426 2611 revelatio
458 2549 489 2611 in
512 2565 554 2612 ss.
577 2549 663 2611 libris
686 2548 826 2631 deposita
859 2546 1005 2609 subsistat
1027 2551 1061 2608 et
1081 2544 1270 2608 universalis
1293 2543 1369 2607 utili·

132 2636 201 2697 tatis
225 2653 296 2697 esse
319 2637 427 2716 possit,
450 2653 613 2716 supremus
637 2635 759 2716 quidam
777 2633 876 2716 judex
899 2633 1010 2696 adesse
1034 2632 1219 2712 debet-qui,
1235 2631 1368 2712 quoties·

133 2741 255 2802 cunque
289 2722 502 2802 interpretatio
533 2722 642 2785 horum
676 2722 823 2785 librorum
855 2719 1004 2801 divergit,
1033 2726 1119 2781 certo
1143 2718 1275 2796 doceat,
1299 2734 1367 2798 quae

132 2808 276 2885 tenenda,
311 2826 489 2888 quaerero
521 2808 689 2889 rejicienda
721 2810 798 2884 sint,
821 2825 877 2870 seu
901 2813 1025 2888 praeter
1045 2806 1234 2886 interpretes
1259 2804 1366 2867 doctri·

133 2895 218 2957 nales
253 2895 406 2976 interpres
442 2895 634 2958 authenticus
659 2896 747 2974 adsit,
775 2910 908 2957 necesse
930 2900 988 2955 est.
1033 2892 1129 2955 Porro
1152 2893 1313 2973 interpres
1328 2891 1367 2952 hit

133 2980 326 3044 authenticus
358 2982 498 3044 omnibus
528 2982 611 3044 aditu
641 2980 739 3044 iacilis
771 2999 844 3044 esse
876 2979 985 3056 debet,
1008 2985 1042 3041 ut
1075 2978 1255 3040 immediate
1278 2977 1316 3040 ab
1336 2993 1367 3039 eo

134 3068 257 3133 discere
278 3069 417 3151 possint,
451 3087 509 3130 nec
546 3070 665 3131 alienae
689 3067 862 3131 auctoritati
886 3067 1016 3146 obsequi
1038 3071 1213 3127 teneantur.
1260 3065 1367 3138 Quem·

132 3154 296 3223 admodum
329 3162 429 3217 autem
465 3155 563 3219 civilis
586 3155 688 3236 legum
719 3155 835 3217 codicis
868 3155 1052 3234 interpretes
1086 3151 1279 3214 doctrinales
1309 3154 1368 3213 sant

127 3242 358 3324 jurisconsulti,
389 3243 541 3322 interpres
573 3259 651 3303 vero
686 3242 882 3304 authenticus
912 3240 980 3319 ipse
1013 3238 1191 3320 legislator:
1226 3239 1270 3300 ita
1301 3243 1331 3300 ct
1349 3253 1368 3298 s.

131 3329 316 3408 Scripturas,
348 3347 427 3410 quae
450 3329 552 3410 legum
585 3328 753 3391 divinarum
773 3327 994 3390 revelationem
1017 3325 1164 3402 continet,
1190 3325 1366 3407 interpretes

132 3415 316 3478 doctrinales
340 3422 411 3479 sunt
435 3415 545 3477 eruditi
568 3414 715 3493 theologi,
728 3416 879 3494 interpres
902 3431 978 3475 vero
1002 3411 1197 3474 authenticus
1221 3413 1291 3493 ipse
1311 3410 1365 3490 ejas

132 3508 249 3577 auctor,
274 3520 350 3584 ergo
374 3503 498 3583 proprie
522 3502 615 3564 Deus.
662 3499 860 3577 Cum-autem
883 3499 980 3562 Deum
1007 3497 1183 3560 immediate
1209 3499 1297 3561 adire
1315 3512 1365 3557 ne·

131 3594 246 3669 queant
280 3588 430 3666 homines,
465 3590 712 3670 quotiescunque
742 3586 927 3667 interpretes
961 3585 1147 3647 doctrinales
1170 3584 1205 3645 in
1229 3582 1368 3648 determi-

130 3673 233 3737 nando
257 3690 281 3735 s.
306 3674 480 3758 scripturae
503 3693 598 3737 sensu
621 3674 651 3735 in
674 3675 758 3735 varia
782 3674 915 3734 abeunt:
946 3672 1094 3751 sequitur,
1127 3671 1223 3733 aliurn
1247 3670 1370 3734 authen·

131 3763 225 3824 licum
248 3760 361 3823 adesse
385 3761 501 3824 debere
535 3763 733 3841 interpretem
757 3779 774 3821 a
797 3760 863 3821 Deo
887 3760 954 3838 ipso
978 3759 1157 3832 institutum,
1181 3776 1247 3838 qno
1271 3771 1368 3819 omnes

131 3849 174 3911 uti
198 3847 323 3928 possint.
368 3848 442 3919 Quis
474 3849 537 3928 jam
567 3848 638 3910 talis
674 3842 778 3908 haberi
815 3846 936 3925 poterit,
958 3845 1018 3906 nisi
1040 3844 1120 3906 ratio
1144 3861 1225 3924 pura
1249 3844 1371 3925 eJ'usqus

130 3935 278 4018 principia
310 3935 456 4015 practica,
485 3953 553 3996 cum
586 3935 663 3996 ratio
688 3934 728 3994 sit
757 3931 1051 4013 praestantissimum
1073 3930 1132 3991 Dei
1154 3932 1273 3992 donum
1295 3946 1372 3991 mor-

130 4022 241 4084 talibus
277 4038 485 4096 concessum‚
518 4039 580 4100 quo
612 4021 704 4082 homo
736 4018 1061 4100 imaginem-rationis
1083 4015 1222 4080 infinitae
1247 4033 1321 4098 prae
1342 4031 1371 4077 ss

132 4108 203 4186 lert,
228 4127 360 4190 cumque
383 4107 510 4170 rationis
536 4123 609 4168 usus
632 4105 800 4186 unicuique
823 4106 863 4166 sit
886 4103 1082 4166 concessus?

171 4236 175 4243 -
219 4195 311 4274 liesp.
334 4195 469 4258 Praeter
490 4195 677 4270 interpretes
697 4211 722 4253 s.
736 4192 919 4271 Scripturas
943 4189 1138 4252 doctrinales
1159 4189 1372 4251 necessarium

132 4301 202 4344 asse
236 4282 464 4353 authenticam,
499 4298 587 4361 quem
612 4280 646 4339 in
677 4279 756 4338 locis
788 4278 992 4357 pravioribus
1015 4278 1115 4355 iisque
1138 4274 1371 4354 difficilioribus

133 4385 195 4449 qua
226 4384 405 4445 supremum
439 4367 580 4430 tribuual
609 4366 770 4435 adeamus,
802 4365 930 4426 dubium
964 4382 1034 4425 esse
1057 4364 1185 4442 aequin
1209 4363 1372 4442 quominus

132 4462 236 4516 autem
259 4455 402 4531 practica
423 4456 557 4525 rationis
578 4471 678 4533 purae
699 4453 861 4529 principia
878 4451 959 4510 hunc
981 4449 1195 4511 authenticam
1217 4450 1372 4528 interpre-

134 4551 192 4603 tem
215 4540 395 4614 iubeamus,
417 4542 609 4618 pronissime
632 4539 791 4600 rationum
815 4546 969 4598 momenta
988 4535 1185 4615 probibente
1200 4537 1322 4599 etenim·
