2834 4896
116 192 160 256 48

115 365 269 447 pravitate
301 365 409 425 obesse
440 369 564 442 potest,·
597 365 704 426 etenim
735 380 798 424 non
821 378 1044 443 quancunque,
1067 361 1126 423 sed
1146 382 1217 426 eam
1240 372 1362 429 tantun

117 453 269 515 theoriam
291 450 559 527 interpretationis
580 450 685 511 utilem
707 459 737 511 et
758 467 886 529 prauum
909 450 1051 524 dicimus,
1078 465 1158 528 qnae
1181 451 1309 514 solidos
1332 462 1363 516 et

117 537 242 600 sobrias
266 534 392 598 eatibet
412 534 547 614 reputas.
592 534 629 609 b)
645 533 764 608 Quodsi
785 552 861 596 cero
885 536 935 596 cel
957 534 1006 594 illi
1029 551 1148 613 quoque
1171 538 1358 617 interpretes

117 625 168 686 nto
208 623 253 683 ibi
289 623 323 682 in
358 620 486 681 diuersa
526 619 655 698 abeunt,
696 625 749 700 qni
782 622 911 683 eundern
945 628 1049 682 tenent
1086 623 1358 702 interpretationis

119 711 289 771 theoriam:
311 725 375 768 non
396 706 468 767 ituic
490 708 567 766 vitio
589 707 780 782 uertendum,
802 708 860 768 sed
878 709 984 786 potius
1007 709 1115 768 causis
1136 717 1200 771 turn
1223 708 1357 788 otjeen·

118 798 179 872 oia,
203 802 266 855 tum
287 792 470 870 subjecticis
492 791 733 853 adscribendum
755 802 809 855 est.
853 789 932 854 Nam
959 795 1111 854 neminem
1133 814 1240 856 rerum
1262 795 1355 859 biltu-

119 900 229 944 corum
263 897 395 958 gnarum
426 879 501 940 latet
507 925 516 954 ,
550 878 668 956 repotiis
705 879 949 940 termeneuticae
982 897 1046 939 non
1074 881 1187 960 ubique
1218 900 1259 944 ea
1282 900 1354 944 asse

119 967 269 1044 satisfieri
286 983 391 1043 posse.
436 962 487 1026 Sic
509 982 538 1024 v.
562 983 591 1045 g.
614 964 851 1041 hermeneutica,
871 972 904 1027 ut
925 981 999 1026 usus
1021 964 1166 1044 loquendi
1189 973 1221 1028 ct
1243 967 1354 1030 condi-

120 1053 210 1114 tionis
232 1051 384 1130 loquentis
407 1051 484 1110 ratio
508 1049 665 1128 habeatur,
689 1056 774 1111 recte
798 1051 964 1132 praecipit3
999 1056 1131 1115 attamen
1164 1050 1231 1114 fieri
1254 1059 1355 1133 potest

121 1145 153 1202 et
174 1153 281 1199 revera
304 1135 346 1214 iit,
359 1142 392 1196 ut
410 1141 457 1197 sat
480 1136 555 1197 certi
573 1154 608 1198 ac
630 1136 783 1217 perspicui
805 1154 867 1199 non
890 1135 990 1198 adsint
1012 1135 1123 1214 ionas,
1140 1138 1285 1218 equibus
1308 1139 1355 1200 vel

120 1242 194 1287 usus
216 1221 362 1303 loquendi
384 1222 469 1282 vocis
494 1220 663 1301 cujusdam,
686 1222 735 1284 vel
758 1222 892 1285 conditio
916 1239 1067 1304 personae
1091 1224 1246 1304 loquentis
1270 1231 1355 1287 certo

122 1315 338 1393 cognoscatur.
383 1305 414 1370 Si
431 1307 495 1387 jam
518 1308 549 1368 in
572 1308 721 1388 ejusmodi
745 1325 829 1386 casu,
852 1309 1016 1389 praecipue
1039 1308 1090 1370 ubi
1112 1310 1265 1372 rationum
1289 1328 1356 1371 mu-

122 1402 221 1458 meuta
252 1394 392 1473 utrinque
424 1393 506 1474 paria
529 1401 609 1471 suut,
632 1394 708 1457 alter
739 1395 937 1475 interpretum
959 1394 1047 1472 hanc,
1071 1395 1147 1457 alter
1169 1395 1259 1459 aliam
1281 1414 1358 1458 seu-

121 1485 246 1544 tentiam
270 1498 329 1555 ceu
351 1479 447 1560 magis
469 1480 657 1561 probabilem
679 1480 831 1562 praefert:
855 1499 917 1542 non
940 1480 1088 1557 theoriae,
1112 1480 1169 1544 sed
1190 1482 1238 1543 rei
1261 1484 1355 1564 ipsius

119 1575 246 1630 naturae
270 1583 364 1629 causa
378 1565 538 1629 tribuenda
558 1573 615 1628 est.
639 1602 680 1612 —
704 1567 806 1648 Magis
823 1568 925 1629 aditus
940 1570 1043 1629 oritur
1064 1569 1355 1648 interpretationum

120 1655 294 1733 disparitas
326 1672 366 1714 ea
397 1653 506 1714 causis
536 1654 728 1732 subjectiais.
772 1652 892 1716 Etenim
925 1672 988 1714 non
1029 1672 1136 1715 ornnes
1170 1656 1356 1735 interpretes

122 1741 230 1803 eddern
252 1740 397 1803 instructi
412 1740 498 1800 sonti
512 1741 618 1819 ngenii
639 1740 823 1819 sagacitate,
836 1741 944 1802 eidem
967 1740 1142 1801 eruditione
1149 1761 1163 1814 ;
1173 1759 1238 1802 non
1255 1758 1360 1802 ornnes

121 1825 283 1906 aequalem
305 1827 340 1887 in
361 1826 593 1905 interpretando
627 1825 830 1904 diligentiam,
860 1835 890 1887 et
912 1827 957 1910 in,
964 1825 1181 1904 ponderandis
1202 1827 1361 1889 rationum
1390 1839 1393 1845 '

124 1913 288 1974 momentis
310 1914 508 1974 seueritatem
531 1910 682 1973 adhibent
693 1932 706 1984 ;
736 1930 799 1972 non
821 1929 928 1972 omnes
950 1929 1049 1991 aeque
1071 1914 1223 1974 immunes
1246 1921 1362 1976 sunto

122 2000 233 2079 quouis
252 2000 433 2078 prejudicio
456 2006 486 2059 et
508 1999 653 2078 opinione
672 2005 913 2076 praeconcepta.
955 1996 1081 2059 Etiamsi
1103 1998 1206 2079 itaque
1225 2005 1361 2061 nostram

122 2084 380 2166 interpretationis
403 2083 551 2144 theoriam
574 2098 680 2143 omnes
704 2089 918 2162 sequerentur,
942 2089 1027 2144 certe
1050 2083 1109 2144 hoc
1131 2101 1193 2145 nan
1216 2085 1361 2147 obstante

122 2170 190 2249 ille,
222 2169 274 2250 qui
305 2169 423 2231 eximiis
454 2168 544 2230 animi
576 2166 769 2231 facultatibus
793 2175 824 2230 et
846 2168 957 2251 insigni
990 2168 1160 2231 eruditione
1194 2169 1360 2233 instructus

123 2262 192 2336 est,
225 2255 276 2335 qui
308 2260 466 2336 praeterea
499 2253 600 2317 debita
629 2272 696 2316 curn
728 2253 883 2337 diligentia
905 2255 937 2317 in
959 2254 1186 2336 interpretando
1209 2265 1361 2335 versatur,

123 2341 274 2422 nullisque
297 2341 528 2423 praeoccupatis
551 2340 743 2421 opinionibus
767 2360 784 2403 a
807 2359 892 2418 vero,
916 2340 999 2421 quiid
1021 2341 1114 2418 videt,
1147 2342 1361 2422 amplectendo

125 2426 287 2505 detinetur,
302 2426 431 2489 eandem
454 2444 519 2488 rem
541 2427 652 2488 clarius
675 2427 851 2508 perspiciet,
865 2434 896 2488 et
918 2445 1043 2489 sensum
1064 2428 1218 2507 loquentis
1242 2427 1363 2491 facilius

123 2514 268 2591 inveniet,
287 2531 376 2594 quam
400 2512 486 2590 alius,
504 2513 555 2592 qui
578 2513 630 2573 vix
652 2512 872 2575 sufficientibus
895 2512 933 2574 ad
956 2513 1215 2594 interpretandum
1239 2514 1362 2578 dotibus

123 2602 299 2676 instructus,
334 2599 446 2678 exigua
480 2615 516 2659 ac
539 2616 644 2660 manca
676 2600 852 2680 cognitione
885 2599 1026 2676 imbutus,
1051 2600 1143 2660 certis
1166 2600 1364 2680 praejudiciis

124 2693 176 2748 aut
198 2685 315 2766 placitis
339 2683 466 2764 alicujus
490 2684 663 2764 systematis
686 2683 889 2766 philosophici
912 2691 1018 2765 captus
1042 2684 1080 2747 ad
1102 2686 1363 2766 interpretationis

124 2772 281 2854 negotium
317 2768 453 2848 accedit,
487 2769 537 2831 vel
572 2772 623 2849 qui
655 2770 786 2832 debitam
819 2770 1006 2853 diligentiam
1039 2777 1071 2833 et
1104 2773 1302 2833 severitatem
1333 2773 1363 2834 iu

124 2856 332 2920 examinandis
355 2857 506 2919 rationum
529 2856 688 2917 momentis
711 2856 857 2918 adhibere
879 2857 1018 2939 negligit.
1056 2856 1240 2919 varietatem
1263 2858 1363 2920 inter-

122 2944 300 3026 pretationis
323 2962 363 3006 ex
386 2943 444 3004 hac
465 2943 665 3023 interpretum
688 2941 863 3004 diversitate
886 2944 1064 3006 necessario
1087 2943 1245 3006 eamdam
1268 2961 1360 3005 nemo

124 3049 242 3111 aequus
266 3030 403 3093 theoriae
425 3028 549 3092 sobriae
572 3047 609 3090 ac
631 3027 750 3091 solidae
773 3029 908 3091 tribuere
931 3030 1051 3110 poterit.

673 3266 700 3335 s.
722 3261 773 3325 25.

429 3422 643 3476 Hermaneuticae
661 3421 774 3474 biblicae
798 3424 926 3492 generalis
945 3422 1046 3474 divisio.

207 3594 429 3656 Hemnnsutica
461 3589 577 3655 biblica
609 3593 768 3672 generatis
798 3598 907 3670 sponte
937 3609 997 3653 sua
1030 3592 1064 3652 in
1093 3590 1174 3653 duas
1207 3590 1363 3654 ditabitur

120 3690 242 3762 portes,
265 3699 397 3762 quarum

208 3766 258 3828 ΙΝ
280 3767 318 3828 de
341 3783 436 3828 sensu
458 3765 655 3839 inveniendo,

208 3851 268 3914 11³·
298 3852 335 3914 de
358 3870 455 3913 sensu
478 3852 660 3932 eaponendo
684 3852 758 3931 agit.

207 3955 303 4018 Prior
325 3955 425 4017 denuo
448 3956 482 4016 in
504 3965 569 4018 tres
591 3959 746 4019 sectiones
768 3952 928 4015 subdividi
947 3961 1060 4034 potest,
1083 3970 1216 4034 quarum

211 4043 263 4104 pm
287 4043 324 4103 de
347 4060 443 4104 sensu
466 4043 650 4106 inveniendo
669 4060 729 4122 per
750 4058 842 4103 nsunt
865 4038 1020 4120 loquendi,

210 4125 259 4188 2³⁰
287 4127 324 4189 de
347 4146 443 4190 sensa
465 4129 652 4191 inveniendo
671 4145 732 4205 per
754 4127 910 4187 orationis
932 4132 1119 4201 contectum,

208 4213 262 4276 ΒΜ
290 4215 328 4276 de
351 4233 446 4276 sensu
463 4213 655 4276 'inveniendo
674 4231 735 4292 per
756 4213 966 4273 conditionem
989 4211 1141 4291 loquentis
1163 4212 1235 4291 opit.

209 4315 319 4379 Altera
344 4335 425 4397 pars
459 4319 615 4379 diuisione
644 4319 679 4377 in
712 4316 867 4375 sectiones
896 4331 960 4374 non
988 4312 1121 4392 indipet,
1155 4313 1229 4392 qnia
1246 4313 1366 4390 paucis

122 4402 426 4554 gg’fflfflm'
460 4421 538 4487 qaae
569 4402 606 4463 de
633 4403 735 4465 variis
768 4418 893 4462 sensum
923 4399 1182 4483 repraesentandi
1203 4399 1289 4461 modi
1310 4399 1364 4460 di-
