2834 4896
92 180 137 259 ill

99 354 107 371 '
179 359 232 428 cc)
254 352 301 416 Nc
323 355 487 423 doctrinae
508 357 662 420 ccckciac
692 375 785 419 naam
817 350 862 412 cd
892 367 932 412 cc
953 349 1117 426 catenias,
1139 366 1220 429 qaae
1244 357 1332 413 cana

91 441 163 519 pins
185 441 354 516 sphaeram
375 450 450 505 snat
470 443 543 518 cita,
567 463 595 505 a.
618 464 648 526 g.
674 443 712 505 ad
734 460 785 505 res
809 435 881 502 fidei
912 441 944 498 et
966 451 1082 497 morum
1104 434 1301 497 ludaeorum.

179 526 237 598 dd)
259 525 306 587 Nc
327 530 521 604 cenantium,
544 548 623 609 qaae
647 532 810 592 doctrinae
837 522 992 583 ecclcsiae
1015 522 1095 583 cati.
1117 539 1182 582 non
1205 530 1255 583 est
1274 522 1334 584 ad-

94 630 200 686 oersa,
221 613 287 688 iarn
309 611 380 673 ideo
403 612 521 675 habeas
543 633 666 691 nerana
695 616 721 677 si
744 615 823 676 enim
848 624 958 669 sensus
982 608 1020 669 ab
1044 605 1178 668 ecclesia
1200 624 1266 668 non
1288 613 1335 669 eet

93 695 248 773 dedtims,
260 695 311 758 vel
330 715 388 778 por
406 699 582 761 unanimem
604 718 790 765 consensum
801 700 921 760 Patrum
940 711 1002 755 non
1015 693 1251 755 detenninatus:
1264 692 1335 774 plu-

92 797 146 853 tes
166 782 259 845 unius
282 783 483 864 ejusdemque
505 785 566 847 loci
587 786 801 868 expositiones
824 799 892 846 cum
915 779 1054 841 doctrina
1078 778 1232 841 ecclesiae
1257 795 1336 840 con-

93 867 212 931 sentire
235 876 373 948 possunt,
405 888 530 950 quarum
557 879 660 934 tamen
686 872 808 933 nonnisi
842 884 901 931 una
924 872 973 927 est
993 883 1078 941 vera,
1101 883 1129 927 v.
1153 883 1182 946 g.
1205 865 1258 926 tlt.
1285 863 1335 942 13,

97 953 147 1017 55.
172 954 230 1028 563
253 954 313 1016 imo
336 956 488 1017 sententia
511 958 661 1037 quaedam
690 958 851 1020 doctrinae
881 951 1035 1016 ecclesiae
1058 951 1193 1031 apprime
1216 968 1337 1013 conve·

95 1040 163 1113 nire
186 1046 298 1120 potest,
321 1041 393 1120 quin
416 1043 456 1103 sit
478 1058 589 1105 sensus
622 1044 711 1125 huJus
745 1049 797 1105 aut
840 1038 965 1103 alterius
999 1055 1023 1099 s.
1056 1036 1231 1118 Scripturae
1266 1036 1336 1114 loci,

95 1144 123 1186 v.
146 1145 176 1208 g.
199 1126 366 1207 baptismus
390 1128 427 1188 ab
451 1127 610 1191 haeretico
634 1130 762 1192 collatus
787 1134 836 1191 est
857 1124 985 1188 validus.
1008 1124 1085 1185 Hine
1109 1141 1220 1185 caveas

181 1217 229 1287 ee)
252 1212 299 1274 Ne
322 1216 355 1275 in
377 1233 437 1274 asa
461 1215 624 1277 doetrinae
648 1217 802 1278 eccleciae
823 1229 963 1295 anquam
985 1212 1129 1289 reiquae
1151 1210 1347 1296 ltcrrnonca-¹

94 1298 175 1359 ticae
199 1315 296 1360 sanae
319 1300 477 1360 violentur
499 1302 636 1381 repulao.

179 1383 245 1456 ΝΒ.
274 1383 394 1447 Sensus
423 1387 479 1465 qai
508 1387 542 1446 in
574 1388 669 1450 rebus
696 1388 772 1467 pidet
807 1394 978 1448 otmarum
1001 1381 1248 1443 christianornm
1270 1399 1339 1441 cnm

94 1468 310 1532 doctrinarum
331 1470 578 1535 christianarum
599 1476 686 1536 clare
706 1475 943 1554 propositaram
965 1486 1086 1530 marana
1107 1468 1262 1541 cortoenit,
1286 1466 1339 1527 at-

95 1556 178 1629 citor
198 1555 273 1633 idei
295 1557 450 1636 analcpas
478 1576 535 1619 cca
565 1562 734 1640 analopinc
762 1560 838 1638 pidet
859 1556 1076 1634 respondeno;
1093 1570 1162 1613 nam
1185 1551 1338 1634 analogia,

96 1658 231 1722 graecae
256 1641 383 1722 originis
406 1661 478 1721 von,
502 1643 532 1705 vi
555 1646 762 1728 etymologiae
786 1645 838 1717 (ab
862 1637 1008 1718 ἀνάλογος
1029 1670 1051 1690 =
1070 1632 1128 1698 ill?
1151 1634 1255 1716 Mitti)
1279 1637 1339 1699 de·

99 1732 202 1797 notat:
225 1744 280 1806 pro
303 1729 454 1808 portione,
477 1730 556 1792 nach
578 1731 779 1809 Verhtltniss,
811 1728 967 1812 proportio
991 1724 1165 1802 (Cicera).
1188 1723 1339 1807 Analogia

97 1813 204 1891 itaque
228 1819 276 1875 est
300 1817 500 1896 congruentia
524 1817 570 1879 rei
593 1818 632 1880 ad
655 1819 767 1899 aliquid
790 1817 916 1893 relatae,
940 1820 972 1875 et
994 1814 1144 1889 cantepia
1163 1811 1238 1889 fidet
1259 1829 1340 1871 con-

99 1900 245 1979 praentia
268 1903 403 1967 omniane
426 1921 543 1977 coram,
566 1923 645 1984 quac
669 1905 713 1966 ad
731 1904 824 1983 fidem
851 1902 1020 1982 pertinent,
1044 1908 1074 1960 ct
1094 1905 1239 1976 caepeeta
1262 1898 1339 1957 lter-

97 1987 273 2059 pncneetico
296 1996 344 2050 cet
365 1990 572 2068 conprncntia
606 2009 722 2053 sensas
756 1991 800 2051 ad
819 1990 912 2068 pidem
933 1986 1028 2048 relati
1050 2003 1107 2045 sea
1129 1991 1178 2044 cst
1199 2001 1340 2062 conpra-

93 2072 184 2131 cntia
207 2090 321 2133 sensas
343 2092 413 2135 carn
433 2076 504 2153 fide.
552 2074 590 2136 Ut
610 2095 686 2138 cero
706 2077 786 2154 fiaes
806 2094 867 2154 pro
883 2068 1025 2153 fanniae
1057 2077 1199 2149 spectata
1222 2076 1270 2129 cst
1290 2070 1343 2130 ael

99 2155 216 2225 laica
230 2159 520 2238 netcceleriastica,
532 2170 563 2224 ct
575 2161 692 2224 biblica
707 2164 810 2223 danao
820 2161 872 2222 oei
885 2158 1065 2239 ripnipicata
1080 2157 1216 2217 arctiori
1226 2153 1279 2215 oet
1289 2157 1340 2215 la-

97 2243 177 2302 tiori
198 2243 249 2303 eol
271 2243 427 2307 latissimo
450 2257 600 2328 accepta:
623 2250 668 2310 ita
690 2257 720 2310 ot
741 2245 1125 2326 respectaiermencntico
1138 2242 1233 2303 datar
1255 2259 1341 2302 aaa

99 2327 187 2404 lunia
217 2347 333 2391 sensns
363 2351 434 2392 cane
464 2334 525 2411 aaa
557 2333 691 2409 tttttca,
724 2337 821 2413 capae
854 2335 934 2412 ripn.
966 2331 1116 2405 arctiori,
1139 2328 1192 2389 eol
1222 2328 1342 2404 latiori,

101 2412 153 2473 eal
175 2413 329 2501 latissimo
351 2423 504 2495 spectata,
528 2429 559 2482 ct
580 2439 650 2481 cam
670 2421 731 2499 pide
754 2420 981 2480 ecclesiastica.

189 2498 348 2580 Anniopia
369 2521 484 2566 sensae

190 2584 217 2644 l.
240 2605 310 2649 enm
330 2588 391 2664 fide
415 2590 533 2652 biblica
1297 2624 1303 2629 -

188 2674 225 2744 a)
254 2673 333 2752 sipn.
362 2678 496 2737 arctiori
526 2694 584 2738 sen
612 2677 692 2738 certi
721 2676 879 2753 anactoria,
908 2691 937 2736 a.
959 2693 987 2754 a.
1010 2692 1036 2735 o.
1058 2672 1167 2748 Pauli,
1190 2673 1337 2749 spectem

102 2765 151 2820 cot
186 2762 390 2837 nonpracnn'a
426 2780 541 2824 sensns
572 2781 643 2824 cuna
677 2763 893 2824 doctrinarum
935 2762 1181 2822 rhaetianorum
1211 2776 1345 2819 samma

103 2851 257 2924 quatenns
279 2844 355 2906 daec
378 2848 411 2906 in
432 2867 495 2909 nno
518 2849 684 2928 codemque
706 2849 861 2926 scriptore
883 2866 978 2908 sacro
1001 2848 1087 2908 clare
1100 2845 1267 2924 proposita
1290 2846 1344 2905 in-

102 2930 237 2990 uenitur.
281 2928 355 2992 lnde
378 2931 478 2994 lucem
501 2933 699 2996 hauriendam
723 2951 794 2996 esse
828 2934 986 3014 interpreti
1009 2931 1048 2993 ad
1070 2932 1139 2992 loca
1162 2930 1343 2991 obscuriora

103 3020 197 3094 atque
220 3015 360 3099 ambigua
383 3018 524 3098 ejusdem
547 3022 681 3082 auctoris
703 3020 890 3098 illustranda,
914 3019 1037 3081 dubium
1067 3034 1139 3079 esse
1162 3017 1268 3095 nequit
1291 3015 1343 3092 illi,

104 3101 156 3180 aui
179 3102 308 3179 noverit,
332 3106 469 3183 quemvis
491 3105 669 3186 loquentem
691 3113 793 3168 mente
813 3124 920 3168 sanum
943 3106 1064 3168 sibimet
1086 3103 1143 3185 ipsi
1167 3102 1344 3164 consentire

104 3186 217 3264 solere,
250 3194 281 3248 et
307 3190 490 3279 scriptorem
521 3209 642 3255 sacrum
678 3193 736 3255 sibi
767 3193 942 3255 consentire
972 3191 1097 3254 debere.
1120 3225 1162 3235 —
1184 3188 1345 3269 Anatnpin

104 3291 219 3345 ponens
241 3293 311 3337 cnm
330 3277 392 3353 fide
415 3277 532 3340 biblica

191 3358 226 3432 b]
257 3364 335 3440 sipn.
373 3363 481 3424 latiori
508 3382 565 3424 sea
593 3364 630 3427 Ν.
663 3365 694 3426 Τ.
727 3372 870 3444 spectata
899 3374 947 3426 cst
977 3363 1196 3426 convenientia
1228 3378 1344 3421 cenom

104 3463 174 3517 cca
196 3463 317 3509 comana
340 3448 555 3511 doctrinarum
577 3450 832 3528 christianarum,
855 3459 1009 3530 quatenns
1031 3453 1064 3510 in
1087 3448 1230 3509 omnibns
1252 3446 1290 3507 N.
1313 3445 1343 3506 Τ.

106 3529 197 3591 libris
207 3535 374 3611 perspicae
388 3537 572 3612 propositae
587 3539 795 3615 reperiantur.
818 3535 895 3598 Huic
918 3553 1040 3616 quoque
1055 3535 1216 3595 maximum
1238 3533 1344 3593 inesse

104 3621 289 3685 momentum
311 3618 342 3679 in
364 3619 449 3682 libris
471 3618 506 3681 Ν.
529 3621 561 3682 Τ.
583 3622 830 3704 interpretandis,
853 3622 1006 3683 neminem
1021 3620 1126 3682 latebit
1145 3617 1344 3701 perpenden-

105 3707 176 3776 aa,
206 3719 315 3769 omnes
345 3722 451 3767 sacros
480 3705 516 3767 Ν.
549 3707 582 3769 Τ.
613 3709 780 3789 scriptores
810 3706 921 3768 eodem
953 3708 1100 3790 magistro
1132 3706 1234 3768 divino
1258 3720 1344 3780 usos,

105 3786 218 3857 endem
240 3789 347 3868 spiritu
370 3808 394 3852 s.
418 3789 548 3871 afflatos,
573 3793 681 3857 eadem
704 3793 842 3856 doctrina
864 3793 995 3856 imbutos
1018 3793 1126 3871 fuisse,
1150 3799 1182 3854 et
1205 3807 1260 3852 eos
1283 3808 1346 3853 non

105 3890 199 3953 posse
222 3892 284 3937 non
307 3878 491 3956 consentire,
515 3898 607 3960 quum
628 3898 690 3942 non
713 3897 808 3957 suam,
832 3878 889 3942 sed
911 3876 1032 3958 Christi,
1055 3896 1131 3962 ergo
1154 3895 1216 3938 non
1238 3877 1346 3938 vario·

105 3974 182 4035 pum,
205 3959 262 4021 sed
285 3961 373 4025 unius
397 3964 597 4047 ejusdemque
620 3965 767 4048 magistri,
792 3964 902 4029 eodem
925 3967 1038 4048 Spiritu
1071 3983 1095 4027 s.
1120 3962 1214 4045 adjuti
1236 3960 1346 4024 trade-

106 4051 175 4104 rent
198 4044 374 4108 doctrinam.
401 4085 438 4095 -
461 4050 621 4132 Analopin
643 4071 756 4113 sensas
779 4072 849 4114 cane
869 4053 930 4130 fide
954 4052 1071 4113 biblica

192 4136 224 4203 c)
249 4134 327 4212 sipn.
352 4135 506 4199 latissimo
534 4138 713 4218 ponderata
738 4141 1004 4218 cataonpracntia
1025 4156 1141 4199 sensas
1163 4155 1233 4197 canc
1255 4153 1345 4196 sam-

105 4233 157 4275 ma
179 4219 345 4281 acritatem
377 4224 541 4313 redipionis
574 4224 778 4302 christianae,
812 4233 966 4311 quatenns
995 4233 1059 4297 tnnc
1082 4227 1116 4285 in
1148 4222 1191 4301 tt,
1221 4230 1285 4284 tarn
1313 4223 1348 4283 in

107 4397 410 4420 Ἧ-

82 4470 230 4592 ῆὉῐέ.
248 4488 332 4551 Erech
351 4498 403 4549 und
422 4496 521 4549 Gruber
540 4499 734 4566 Encyclop'idie
753 4500 802 4552 aul>
821 4501 868 4554 hcc
888 4517 963 4554 voce.
