2834 4896
118 207 187 277 210

116 381 266 462 Moyses,
303 375 435 462 positum
468 381 517 439 est
547 393 641 457 super
671 394 726 440 cor
747 373 934 438 Judaeorum
965 371 1015 450 (il.
1038 371 1108 435 Cor.
1131 370 1163 453 3,
1189 369 1355 450 ta-to.);

121 484 217 550 quare
240 472 272 529 et
293 474 362 543 no's',
385 466 518 544 inquam,
541 481 611 527 cum
633 463 734 525 animo
756 460 1023 543 puro‚humiltimo
1047 459 1209 523 etChristo
1232 459 1356 542 ejusque

121 553 277 616 ecclesiae
299 551 508 614 addictissimo
532 549 570 612 ad
604 550 867 630 interpretationis
901 546 1060 629 negotium
1100 546 1304 625 accedamus,
1334 553 1359 609 et

121 657 276 720 nunquam
298 655 360 698 non
384 654 452 699 cum
475 635 545 698 divo
575 635 675 718 psalte
705 652 846 696 oremus:
892 633 1026 712 „Revela
1056 630 1164 696 oculos
1194 649 1301 712 meos,
1335 639 1359 695 et

124 724 330 789 considerabo
354 723 503 785 mirabilia
526 722 565 785 de
588 723 661 804 lege
683 723 754 784 tua“
780 721 845 797 (Ps.
871 719 943 798 titt,
967 718 1046 794 te).

588 907 904 934 m

524 1139 963 1261 Appendix.

122 1317 177 1391 De
202 1317 363 1392 erroneis
391 1311 591 1412 quibusdam
615 1335 644 1388 s.
667 1309 880 1409 scripturam
908 1310 1157 1410 interpretandi
1183 1311 1362 1408 principiis

650 1443 686 1507 et
715 1435 837 1507 modis.

678 1660 710 1731 §-
745 1654 818 1721 tte.

636 1789 857 1860 conspectus.

208 1932 412 2017 Exposuimus
434 1934 560 2019 regulas
584 1953 602 1998 e
625 1953 769 2018 supremo
791 1933 1040 2006 hermeneuticae
1061 1932 1214 2016 principio
1236 1952 1364 1998 manan-

128 2025 187 2101 tes,
205 2021 294 2102 juxta
317 2041 394 2104 quas
417 2039 527 2085 sensus
551 2039 594 2085 ss.
616 2020 763 2085 librorum
796 2021 998 2085 inveniendus
1028 2022 1069 2084 sit
1097 2028 1129 2083 et
1152 2021 1364 2102 exponendus.

120 2106 179 2173 Ast
202 2126 270 2170 cum
291 2126 354 2171 non
377 2108 488 2185 desint,
503 2108 555 2189 qui
577 2109 609 2170 in
630 2107 699 2172 hoc¹
714 2108 886 2190 gravissimi
907 2105 1053 2170 momenti
1075 2107 1203 2190 negotio
1229 2109 1290 2172 alia
1312 2125 1363 2172 se·

117 2200 255 2275 quantur
277 2194 442 2275 principia,
473 2211 572 2275 eaque
596 2195 782 2277 argumentis
805 2200 854 2258 sat
876 2195 1028 2274 speciosis
1051 2192 1211 2256 vindicare
1236 2194 1363 2257 adlabo-

120 2286 207 2342 rent:
231 2280 269 2343 ad
292 2298 409 2358 eorum,
433 2280 541 2343 saltem
564 2281 816 2362 praecipuorum,
838 2298 981 2349 examen
1013 2279 1208 2347 descendere
1238 2279 1364 2344 herme-

122 2367 246 2429 neutica
267 2372 401 2429 tenetur.
444 2364 581 2447 Apemos
603 2368 707 2447 itaque
730 2370 764 2429 ia
791 2366 1011 2448 sequentibus.-

213 2469 240 2532 1.
264 2469 301 2532 de
323 2471 582 2550 interpretatione
604 2472 756 2547 mystico,
780 2475 887 2550 utpote
910 2469 1033 2550 quaein
1056 2467 1190 2531 ecclesia
1215 2468 1387 2532 catholica·

122 2553 185 2634 diu,
207 2554 281 2616 licet
302 2573 365 2618 non
387 2554 555 2631 exclusive,
569 2556 735 2635 praecipue
758 2563 860 2618 tamen
882 2554 956 2635 iota,
970 2561 1001 2617 et
1022 2553 1190 2618 hodiedum
1213 2554 1365 2638 frequen-

119 2646 184 2705 tata
206 2657 314 2704 sacrae
338 2640 512 2721 Scripturae
536 2640 715 2722 dignitatem
738 2660 801 2704 non
824 2641 946 2722 quidem
979 2640 1012 2702 in
1033 2658 1069 2704 se
1101 2647 1241 2722 spectata
1265 2642 1367 2720 laedit,

118 2732 255 2874 attamen
276 2741 335 2808 per
356 2744 521 2789 excessum
543 2744 601 2790 seu
622 2744 680 2808 per
702 2745 790 2791 usum
811 2729 890 2790 ultra
908 2727 1011 2810 justos
1033 2727 1181 2791 terminos
1205 2735 1368 2793 extensum

124 2828 221 2895 pecca
239 2831 248 2888 3

208 2915 240 2978 2.
264 2915 302 2977 dc
326 2915 441 2978 tamine
464 2917 587 2979 interno
609 2915 836 2993 recesseram

128 3044 131 3049 ·
213 3017 244 3082 3.
268 3018 306 3082 de
328 3020 452 3097 morati,
476 3027 507 3083 ct
527 3021 648 3083 demam

208 3123 238 3185 d.
263 3122 300 3185 dc
323 3124 458 3205 mythico
480 3125 749 3205 interpretatione,
764 3142 844 3206 quae
867 3118 968 3187 omnia
989 3123 1021 3196 in
1033 3123 1101 3189 sinu
1110 3122 1362 3190 Aeatholicorum

122 3214 212 3272 enata
235 3215 357 3282 suntet
379 3226 420 3272 ss.
443 3210 600 3273 literarum
623 3211 825 3290 sanctitatem,
846 3217 877 3273 et
898 3217 1059 3274 auctorum
1080 3211 1266 3276 biblicorum
1289 3213 1363 3276 cha-

125 3301 277 3358 racterem
295 3295 359 3377 jam
383 3295 422 3358 ob
445 3296 592 3378 principia
616 3315 673 3360 sua
695 3298 820 3360 violant.

206 3395 273 3459 ΝΒ.
297 3397 427 3461 tiberius
452 3417 547 3482 agere
570 3399 609 3462 dc
631 3399 883 3481 interpretatione
905 3400 952 3465 sic
975 3400 1055 3465 dicta
1078 3399 1317 3485 psychologicn,
1338 3407 1367 3465 ct

124 3481 164 3545 de
187 3483 238 3545 illa
261 3482 469 3547 Nihitistarum
492 3502 549 3547 seu
572 3485 885 3564 {ndifferentistarum
908 3486 1095 3568 superfluum
1123 3486 1216 3551 toret.
1272 3489 1366 3568 Prior,

125 3586 205 3655 quae
229 3575 388 3632 auctorem
410 3570 503 3633 habet
523 3571 593 3648 Dte?
616 3571 740 3634 Paulum
751 3571 1057 3657 Heidelbergeusem‚
1075 3572 1224 3639 miracula
1245 3581 1367 3638 narrata

126 3672 144 3718 e
158 3653 289 3736 sphaera
299 3656 609 3720 extraordinariorum
617 3658 767 3721 factorum
777 3662 809 3721 in
825 3659 905 3721 illam
918 3665 1081 3727 eventuum
1092 3678 1178 3723 mere
1186 3662 1368 3725 naturalium

122 3740 222 3819 trahit,
233 3747 264 3802 et
272 3746 389 3802 temere
401 3742 487 3823 plura
500 3745 711 3826 supponendo,
721 3762 800 3826 quae
812 3763 874 3808 non
882 3745 1002 3824 adsunt,
1011 3751 1064 3808 aut
1074 3745 1277 3829 negligendo,
1287 3765 1364 3828 quae

121 3816 276 3911 leguntur,
295 3844 320 3890 s,
333 3832 449 3890 textum
460 3848 523 3893 non
534 3831 761 3913 interpretatur,
774 3830 831 3895 sed
853 3848 909 3895 sua
920 3832 1039 3898 somnia
1050 3831 1152 3896 eidem
1170 3833 1311 3897 obtrudit
1321 3832 1365 3910 a),

121 4132 125 4137 .
161 4090 192 4156 e)
210 4089 306 4156 „Dicae
323 4089 433 4145 Ansicht
451 4093 517 4158 (von
537 4091 585 4145 der
607 4093 848 4215 psycholoffischen
866 4067 1140 4166 Wundercrkldrnng)
1160 4098 1230 4155 aicta
1253 4114 1306 4152 uns
1323 4114 1368 4153 aus

207 4152 267 4211 dem
284 4156 366 4213 Feide
385 4160 432 4213 des
451 4159 605 4230 Unglaublic
626 4178 658 4214 en
677 4152 724 4214 aui
757 4170 785 4215 as
805 4163 897 4216 Gebiet
914 4166 962 4217 der
979 4165 1150 4218 Seelenlehre
1168 4167 1280 4234 surich,
1300 4169 1368 4221 ohne

207 4226 268 4280 dass
287 4227 335 4280 der
351 4228 480 4299 Neigung,
500 4246 556 4283 was
576 4231 614 4282 als
623 4232 730 4284 Factum
747 4232 921 4286 amstiindlich
939 4234 1037 4288 erzdhit
1054 4237 1096 4299 ist,
1115 4235 1184 4287 auch
1202 4236 1243 4288 ais
1262 4237 1368 4290 soicires

208 4310 241 4346 au
258 4294 364 4362 deuter,
384 4297 486 4351 Gewait
505 4299 646 4369 geschdhe.
681 4301 717 4351 lst
736 4301 805 4352 doch
831 4302 877 4353 das
890 4302 990 4368 Mente,
1017 4319 1074 4356 was
1093 4303 1140 4356 der
1159 4304 1271 4371 diensch
1289 4305 1368 4361 That-

207 4362 287 4416 sache
305 4375 393 4429 nennt,
412 4369 516 4420 inneres
534 4369 657 4422 Factum“
676 4369 734 4434 (Sic
741 4370 782 4435 !)t'
818 4369 982 4424 commentar
1003 4371 1071 4424 tiber
1097 4372 1140 4426 dic
1158 4373 1175 4424 3
1194 4382 1284 4426 ersten
1296 4374 1368 4428 ·Evv.

116 4489 120 4497 ,
144 4456 159 4495 ·,
186 4429 312 4493 ..tutem
324 4435 406 4486 1800.
425 4437 449 4489 1.
467 4437 522 4493 tit.
540 4452 600 4508 pap.
618 4438 661 4493 20.
680 4435 732 4492 Cir.
750 4437 923 4495 Naustheoi.
939 4441 1090 4498 wachna
1107 4458 1133 4498 v.
1146 4441 1207 4496 dos.
1225 4443 1367 4500 ricm'vl.

133 4514 135 4518 '
208 4497 528 4575 intramnenseqq.
622 4520 638 4561 ,t
744 4552 746 4557 .
1099 4514 1121 4555 .·ἰ
1165 4544 1176 4557 ,.

276 4602 317 4639 (ν’

1395 4718 1408 4813 t
