2834 4896
1306 188 1326 254 't

89 368 220 449 regione
242 363 280 426 ad
304 362 453 424 orientem
476 363 543 438 sita,
568 360 808 443 quaeioquentis
831 360 997 424 conditioni
1019 359 1195 445 respondet,
1219 380 1329 446 quarm

87 472 148 536 que
172 454 251 535 ipse,
275 450 301 512 si
324 467 418 512 sanae
440 448 550 510 mentis
574 455 637 526 est,
661 454 802 530 spectare
824 448 925 511 debet.

665 627 696 694 S.
719 622 748 682 5.

457 728 681 798 significationum
701 736 727 781 et
744 743 837 781 neurus
856 729 957 780 divisio.

188 873 461 954 Sipnificationam
483 873 570 934 aliae
598 880 673 935 rant
700 872 852 952 propriae
887 872 1089 953 (primitivae,
1113 872 1325 956 originariae),

80 964 280 1043 impropriae
301 977 360 1020 aea
382 961 523 1038 tropicae
547 959 730 1035 (derivatae,
752 958 933 1033 translatae)
967 960 1053 1021 aliae
1064 1006 1074 1037 ‚
1110 970 1141 1022 et
1165 961 1327 1041 plerisque

81 1049 218 1112 oucibus
239 1048 404 1124 atriarqae
426 1046 545 1107 clareia
567 1046 765 1124 eipnifieatao
786 1048 981 1107 conveniant.
1026 1046 1180 1125 Propriae
1202 1049 1328 1126 ripnifi-

82 1137 232 1198 cananea
253 1133 454 1211 appellantur
475 1132 551 1192 ittae
580 1133 735 1207 notiones,
768 1131 812 1192 ad
833 1149 913 1210 paor
936 1132 1150 1210 dampnandae
1171 1132 1329 1194 vocatae

82 1221 237 1302 primitas
268 1217 412 1279 adiicito
433 1227 490 1278 aat
520 1220 649 1278 inuenta
674 1227 772 1290 rant;
802 1219 994 1297 impropriae
1028 1235 1103 1279 uera
1133 1226 1209 1281 rant
1237 1220 1329 1296 ictae,

87 1326 167 1386 puae
187 1313 319 1384 praeter
332 1305 542 1381 oripinariam
564 1303 603 1364 ob
620 1304 779 1382 paaadam
799 1302 985 1383 affinitatem
1006 1306 1088 1364 inter
1108 1322 1161 1364 ree
1176 1305 1330 1382 deoipna-

85 1402 135 1454 tua
156 1390 399 1452 intercedentem
411 1408 482 1450 cam
495 1389 628 1450 occidar
643 1390 882 1468 conjaapantar.
921 1389 1072 1469 Affinitao
1082 1391 1153 1468 jam
1171 1407 1247 1450 aera
1269 1390 1329 1450 illa

89 1481 169 1539 inter
188 1495 244 1537 res
264 1477 394 1554 proprie
417 1483 448 1536 et
469 1477 588 1555 tropice
612 1476 772 1536 indicatae
793 1494 863 1537 aare
882 1484 988 1554 poteet
1016 1475 1154 1554 duplicia
1179 1476 1304 1555 panerio
1315 1495 1329 1548 ,-

90 1566 198 1625 eanim
220 1581 276 1623 ree
298 1563 417 1639 tropice
440 1561 606 1639 deeipnata
628 1579 698 1621 cam
712 1561 835 1639 adjecto
848 1564 977 1640 proprie
1000 1563 1141 1623 indicato
1164 1570 1220 1623 aat
1236 1561 1328 1637 reati,

87 1659 140 1711 aut
162 1648 384 1710 similitudine}
414 1665 500 1708 acca
522 1647 671 1708 cohaeret
678 1666 692 1719 ,·
725 1651 759 1707 in
788 1649 894 1726 priori
925 1666 1004 1709 casa
1023 1664 1084 1727 per
1113 1649 1212 1723 aaa,
1245 1647 1330 1726 parad

86 1737 285 1810 enamiatnr,
306 1733 376 1809 dac,
398 1733 483 1813 qaod
504 1732 739 1811 intettipendam
760 1742 816 1809 ert,
850 1735 946 1795 nimai
966 1734 1240 1812 comprehenditar
1250 1754 1264 1806 ;
1293 1735 1328 1794 in

85 1823 186 1882 uitae
208 1829 313 1882 aatem
334 1837 397 1895 ree,
428 1836 508 1898 qaae
530 1836 606 1879 occe
625 1820 756 1896 proprie
784 1820 954 1896 indicatur,
987 1838 1045 1881 cea
1067 1821 1171 1899 imapo
1194 1820 1328 1881 atterius

85 1907 262 1968 adhibetur.
305 1905 341 1966 Si
360 1907 454 1984 prino
477 1905 578 1965 locam
600 1903 702 1979 nater,
719 1904 790 1982 jam
805 1906 1002 1986 metonymia,
1019 1907 1090 1984 jam
1108 1905 1326 1986 synecdochen

85 1993 200 2072 quodsi
222 1991 420 2068 alteratam,
442 1990 627 2070 metaphora
648 1992 810 2053 coercitor
832 1989 870 2068 ¹).

186 2078 310 2140 Scaeas
332 2077 508 2137 diuiditur:
889 2078 893 2083 “

241 2167 276 2237 a)
299 2161 333 2223 iu
354 2179 490 2243 genere:

190 2249 219 2310 1.
254 2248 293 2309 la
311 2249 479 2328 propriam
500 2254 531 2309 et
551 2247 778 2326 impropriam,⁸
804 2247 897 2326 prior
920 2248 1022 2310 iocum
1044 2248 1145 2326 itabat,
1167 2249 1198 2309 a·
1216 2254 1328 2328 parter

85 2335 317 2414 propositionis
338 2343 394 2396 aat
415 2334 574 2395 arationis
596 2352 618 2393 a
640 2334 784 2412 loquente
808 2336 943 2414 proprio
965 2337 1144 2413 oipnificata
1165 2334 1326 2395 adhibitae

87 2430 179 2495 runt3
214 2420 328 2499 quodsi
357 2429 460 2481 autera
491 2437 586 2480 aocet
615 2420 796 2498 ripnt'ficata
819 2423 941 2498 tropica
973 2429 1179 2499 carpantur,
1212 2436 1327 2482 sensae

88 2508 282 2586 impropriae
304 2505 474 2587 (tropicus)
497 2506 637 2566 orationi
658 2507 763 2566 inesse
787 2507 911 2567 dicitur.

190 2591 285 2653 2.1n
306 2592 465 2654 ueritatem
486 2600 517 2653 et
544 2592 662 2651 reatem
694 2610 752 2652 rea
783 2594 817 2653 in
848 2591 1061 2653 immediatam
1092 2600 1123 2653 et
1150 2592 1326 2652 mediatam

86 2679 206 2741 &aaut
227 2677 369 2739 cerbatis
392 2687 450 2754 eet,
472 2678 529 2757 pai
551 2677 725 2738 immediate
745 2695 805 2756 per
820 2679 918 2739 verda
940 2677 1243 2752 indicatar;rea1io
1266 2694 1327 2740 aa·

89 2775 202 2841 catar,
225 2764 280 2842 pai
302 2764 513 2825 mediantibus
535 2763 630 2824 rebar
653 2764 773 2824 demam
802 2782 861 2843 per
881 2764 979 2826 eada
1001 2765 1177 2826 immediate
1199 2764 1327 2826 indica·

88 2854 130 2913 tir
151 2851 353 2928 exprimitur,
375 2851 424 2911 ati
445 2851 480 2911 in
500 2850 676 2927 aiteporiiu,
697 2849 865 2928 paraneto
893 2868 933 2911 ac
952 2850 1085 2929 fabalia,
1113 2849 1266 2930 optabatis
1298 2856 1330 2909 ct

89 2939 133 3012 (iu
156 2954 183 2998 s.
206 2934 378 3017 Scriptura)
402 2937 485 3015 typis
496 2956 509 3008 ;
542 2933 623 2996 unde
647 2952 705 2995 ceu
738 2952 848 2997 sensus
870 2935 993 2997 mediati
1016 2936 1138 3017 species
1170 2951 1327 2997 enascun-

89 3029 136 3084 tur
158 3038 271 3085 sensus
295 3021 488 3102 allegoricus,
511 3019 713 3101 parabolicus,
737 3021 923 3100 symbolicus
945 3039 982 3083 ac
1004 3021 1133 3103 typicus.

190 3106 221 3169 3.
245 3106 284 3168 ln
305 3116 424 3169 certam
440 3125 479 3168 ac
498 3106 833 3186 probabilemsenrar
849 3118 955 3169 certas
977 3117 1034 3184 cot,
1057 3108 1111 3186 pai
1129 3107 1208 3168 adeo
1221 3105 1327 3185 liquet,

87 3204 144 3257 aat
166 3201 214 3256 tot
233 3195 389 3273 tantisque
411 3192 590 3253 rationibus
604 3194 725 3268 nititur,
746 3203 780 3254 at
801 3193 940 3271 prudens
963 3193 1090 3255 dubiam
1111 3193 1230 3254 moueri
1243 3191 1330 3252 daad

86 3283 212 3361 possin
234 3280 350 3357 quodsi
370 3287 474 3340 artam
490 3286 579 3339 tanta
600 3279 753 3340 certitudo
769 3279 857 3340 decet
877 3280 1010 3359 attidem,
1030 3281 1127 3358 ptura
1148 3287 1251 3339 tamen
1268 3295 1327 3338 ar-

88 3373 238 3446 pamenta
256 3383 317 3444 pro
340 3364 410 3441 dac,
432 3383 527 3444 paam
546 3382 608 3444 pro
636 3365 705 3425 alia
731 3367 886 3427 sententia
915 3367 1068 3441 militant,
1106 3383 1221 3425 senaar
1246 3380 1328 3442 pro-

87 3453 207 3515 babitis
228 3459 371 3513 oocamr.

191 3537 222 3599 d
255 3537 294 3598 ln
316 3537 525 3616 oripinariam
546 3544 577 3597 et
592 3536 866 3598 accommodatam.
889 3536 1008 3597 Seneae
1024 3536 1222 3615 oripinariar
1243 3551 1328 3596 nan-

88 3632 236 3702 eupator,
257 3623 313 3701 pai
334 3641 356 3684 a
375 3624 479 3701 primo
505 3622 584 3683 dicti
612 3623 778 3700 cujusdam
806 3631 936 3684 auctore
958 3640 1132 3702 caprerias
1165 3630 1236 3695 ert;
1269 3638 1328 3681 ac·

87 3709 304 3771 commodatae
325 3709 443 3770 dicitur
464 3708 529 3785 iile,
559 3726 648 3787 pacm
670 3710 775 3770 aerior
800 3709 941 3788 scriptor
972 3709 1166 3788 antiquioris
1187 3707 1329 3769 auctorit

88 3793 182 3875 effato
203 3812 297 3856 aarum
318 3798 352 3856 in
371 3795 464 3872 finem
484 3794 622 3872 eadjicit

138 3895 144 3905 ·
235 3880 273 3954 b)
304 3878 340 3941 lu
362 3897 403 3942 ss.
426 3879 522 3941 literis
545 3880 689 3961 insuper:
913 3924 917 3931 .

193 3967 225 4027 5.
248 3965 288 4027 In
306 3968 488 4045 proximam
509 3974 540 4027 et
567 3968 773 4027 remotiorem
798 3962 931 4045 Uterpae
955 3964 1203 4028 toenmnetam
1224 3959 1328 4041 effutit

89 4051 219 4113 catate
237 4051 498 4130 pracpnaatidaa,
519 4069 600 4130 patae
623 4071 663 4113 ea
676 4053 837 4113 aoiantate
857 4052 997 4131 Spiritar
1019 4071 1044 4113 a.
1060 4070 1124 4113 non
1145 4066 1249 4125 anam,
1272 4046 1330 4110 red

90 4139 169 4199 daos
200 4146 260 4219 arat
276 4139 388 4217 ptura
409 4145 540 4200 coeatur
560 4138 717 4217 analopor
750 4147 887 4218 tempore
917 4156 940 4199 a
961 4157 996 4200 ae
1017 4138 1151 4199 inuicem
1172 4136 1328 4197 diameter

124 4440 155 4507 1)
174 4439 219 4492 Gir
231 4440 286 4492 Die
303 4440 564 4492 ueuteetamentiiche
582 4440 706 4492 Rhetorik
725 4458 750 4493 v.
770 4441 897 4495 Christian
915 4439 991 4493 Gottl.
1008 4439 1103 4492 Wilke.
1130 4439 1249 4493 liresdeu
1277 4440 1329 4491 und

175 4510 284 4578 ieipuig
301 4509 371 4562 teta
388 4525 448 4578 pag.
469 4509 509 4563 13.
526 4524 600 4578 eeqq.
619 4519 646 4562 et
662 4509 752 4563 loreia
770 4510 931 4580 Jungmauua
944 4508 1119 4563 Siowertuost
1137 4527 1196 4579 pag.
1215 4510 1256 4561 67.
1274 4526 1330 4576 req.
