2834 4896
1216 217 1222 231 ‘
1272 204 1334 269 ttt

182 376 222 450 a)
244 369 429 452 computum
450 367 613 431 doctrinm
636 364 829 431 christianae
851 379 1006 450 sqstema,·

181 461 220 535 b)
241 457 456 539 pirpsicorum,
478 457 1334 543 astronomicornmantqeoqrapisicorumasniqmotum

91 547 233 621 solntio;
266 544 380 607 etenim
414 541 561 605 dehisce
584 539 677 601 rebus
709 547 851 604 auctores
874 543 980 605 biblici
1008 545 1130 608 nonnisi
1151 566 1208 628 per
1228 555 1333 613 treus-

90 650 205 695 ennam
230 632 318 712 quusi
340 630 449 708 obiter,
473 635 515 707 et,
538 633 571 689 ul
591 624 813 709 intelligantur,
835 629 877 691 itu
900 629 993 692 verbo
1015 628 1140 711 iaciunt,
1162 636 1262 714 prouti
1282 636 1335 701 ille

90 724 194 781 aetate
218 718 258 781 sle
280 717 348 779 istis
370 715 511 787 homiues
534 714 736 779 communiter
757 713 940 798 cogiturum.
986 714 1045 780 Cir.
1068 717 1185 783 iosuae
1209 719 1259 800 10,
1284 720 1334 785 13.

89 823 161 869 cum
184 802 398 867 Ecclesiastiei
419 801 472 879 46,
496 801 526 863 5.

176 891 209 953 2.
256 890 432 953 Consilium
450 889 624 968 peculiare,
646 894 678 955 ot
700 886 823 968 quidem

177 982 218 1053 a)
242 986 305 1040 num
326 976 488 1056 qenerale,
521 983 584 1038 turn
606 977 744 1058 speciale
775 972 971 1052 manifestat,
1003 983 1107 1039 utrum
1130 979 1165 1041 in
1194 979 1331 1059 sinqulis

87 1066 235 1125 auctoris
256 1071 313 1125 out
334 1062 488 1143 loquentis
511 1060 605 1125 dictis
623 1062 767 1142 propria,
791 1079 834 1121 an
856 1062 979 1139 tropica
1000 1062 1125 1125 dicendi
1145 1068 1228 1127 ratio
1251 1084 1332 1145 snp-

85 1150 241 1229 ponenda
262 1151 307 1213 sit
312 1170 327 1223 ,·
348 1168 422 1211 nam
442 1148 675 1228 quiconsilium
696 1156 753 1209 ant
768 1146 967 1221 didacticum,
991 1157 1047 1210 aut
1062 1148 1255 1227 historicam,
1279 1160 1336 1217 aut

89 1236 479 1316 utstatim-dopnattcnn
500 1233 607 1311 itabet,
640 1236 675 1296 in
696 1234 838 1295 docendo
860 1242 1023 1310 uersatur,
1057 1235 1215 1299 docentem
1245 1256 1331 1315 cero,

87 1324 153 1385 nisi
175 1324 320 1384 rationes
340 1322 505 1400 pociores
526 1322 721 1383 contrarium
741 1320 885 1395 madent,
904 1321 1141 1399 perspicuitatis
1160 1326 1332 1403 praecipue

90 1409 268 1469 studiosum
291 1426 360 1469 esse
384 1415 515 1486 oportet,
537 1425 631 1487 quam
648 1410 779 1487 proprio
799 1408 917 1485 potius,
951 1424 1042 1486 quam
1064 1409 1185 1487 tropico
1208 1410 1333 1473 dicendi

93 1512 207 1573 penore
228 1496 420 1574 assequitur,
442 1502 474 1556 et
494 1494 525 1555 si
542 1493 626 1573 sorte
650 1495 729 1557 tales
741 1492 890 1555 odttoeat
909 1501 1028 1572 tropos,
1047 1496 1102 1573 qui
1123 1494 1162 1556 cis
1181 1496 1333 1575 frequen-

95 1582 247 1641 tissimum
269 1599 309 1641 ac
332 1597 522 1642 communem
553 1599 646 1641 nsum
677 1580 801 1643 termini
829 1581 955 1658 proprii
971 1579 1038 1657 jam
1067 1580 1135 1659 fere
1164 1581 1334 1647 induerunt

91 1676 247 1741 naturam,
270 1666 428 1729 abstinere
451 1666 563 1728 saltem
586 1664 676 1729 debet
696 1664 737 1727 ab
760 1665 902 1726 omnibns
926 1666 1025 1744 tropis
1048 1666 1281 1745 difficilioribus
1303 1676 1335 1735 et

88 1753 259 1830 inponere
280 1754 331 1828 iis,
353 1754 408 1833 qai
429 1770 451 1813 a
471 1770 614 1813 sermone
637 1752 791 1814 communi
813 1750 941 1819 ocultum
963 1751 1123 1821 alludunt.
1177 1752 1249 1815 lude
1269 1753 1333 1834 jum

88 1855 199 1901 eorum
223 1837 383 1901 damnetur
404 1836 623 1917 interpretandi
644 1837 740 1913 ratio,
775 1836 828 1916 qui
849 1856 878 1899 v.
901 1855 931 1918 g.
954 1836 1005 1899 Mt.
1029 1837 1088 1914 26,
1122 1838 1174 1901 26.
1198 1838 1249 1902 28.
1273 1839 1326 1917 28,

88 1924 138 1989 19.
163 1924 213 1987 Jo.
237 1924 290 2000 20,
313 1924 365 1986 22.
388 1921 439 1986 23.
464 1923 581 2004 tropice
605 1927 770 2004 exponunt,
794 1922 1005 1985 oumJesusin
1028 1924 1165 1987 secundo
1188 1931 1220 1987 et
1236 1926 1326 1988 tertio

88 2009 163 2073 loco
186 2010 220 2073 iu
243 2010 384 2073 docendo
408 2027 444 2071 oc
466 2009 694 2090 praecipiendo,
727 2009 759 2071 in
788 2009 885 2090 primo
920 2015 1020 2071 nutem
1053 2009 1102 2073 vel
1124 2011 1155 2079 in
1187 2011 1329 2075 testando

86 2103 242 2159 versetur.
293 2131 335 2143 -
382 2095 421 2157 ln
461 2104 589 2157 erectore
624 2104 726 2158 autent
763 2096 814 2159 eei
858 2094 1017 2176 loquente.
1065 2098 1120 2177 qni
1160 2098 1328 2159 cormilium

88 2184 184 2245 labet
202 2185 376 2263 poiticum,
408 2184 491 2261 tropi
510 2181 740 2263 frequentiores
762 2190 792 2245 et
813 2184 906 2251 etiam
927 2183 1149 2245 insolentiores
1170 2186 1332 2263 praesumi

107 2278 232 2331 ossunt.

84 2290 105 2351 p
175 2355 214 2431 ir)
236 2354 344 2417 Solum
364 2352 510 2434 peneraie
529 2354 651 2434 pandit,
673 2372 732 2415 cur
753 2362 865 2416 auctor
887 2352 968 2433 lunc
991 2363 1021 2416 et
1041 2373 1105 2416 non
1127 2355 1225 2417 aliam
1247 2376 1329 2418 nar·

87 2444 247 2505 rationum
270 2442 467 2520 sinqularum
489 2439 706 2502 obseroaoerit
726 2457 860 2508 nerunt
882 2458 954 2501 nam
976 2442 1122 2520 quimere
1144 2442 1330 2505 historicum

88 2529 150 2591 sibi
168 2531 322 2608 proponit
343 2544 484 2606 scopum,
518 2535 680 2589 eventuum
702 2527 904 2588 narrationes
926 2528 1008 2587 serie
1032 2526 1255 2606 chronoloqica
1276 2538 1333 2593 aut

88 2615 246 2677 strictiori
267 2623 324 2676 out
345 2613 452 2675 latiori
481 2612 609 2691 adferre
638 2612 786 2687 intendit,
806 2620 854 2694 nt
875 2630 901 2672 s.
923 2610 1063 2675 ioannes
1096 2615 1129 2675 ia
1155 2613 1342 2693 Euanqetio-

88 2718 170 2774 suo,·
202 2701 258 2779 qui
287 2718 362 2762 cero
384 2698 766 2778 historico-doqmottcum
794 2698 963 2759 consilium
992 2702 1210 2779 prosequitur,
1242 2702 1331 2781 saeta

89 2790 220 2867 saepius
241 2805 306 2849 non
327 2794 391 2849 tam
411 2787 534 2848 ratione
557 2783 664 2847 habita
686 2785 845 2864 temporis,
868 2802 929 2864 quo
953 2795 1130 2863 eoenerunt,
1153 2806 1245 2866 quom
1266 2807 1329 2866 po-

89 2875 152 2939 tine¹
172 2874 316 2935 internae
345 2870 561 2935 similitudinis
593 2889 630 2933 eo
652 2871 763 2933 ordine
786 2870 964 2950 conjunqit,
998 2874 1052 2951 qui
1081 2874 1125 2934 ad
1156 2877 1327 2935 sententiae

87 2961 261 3038 primariae
280 2968 391 3038 partes
413 2957 677 3020 demonstrandas
697 2957 831 3020 idoneus
852 2965 1003 3037 apparet,
1025 2976 1053 3020 v.
1076 2978 1105 3040 g.
1116 2976 1141 3020 s.
1152 2960 1321 3021 llotthnous

88 3050 118 3107 et
138 3062 167 3108 s.
189 3045 299 3107 Lacus.

172 3138 210 3206 c)
230 3131 342 3195 Solum
362 3130 499 3211 speciale
522 3129 629 3191 docet:

174 3223 212 3292 a)
235 3235 314 3298 qnae
338 3218 493 3279 orationis
511 3225 622 3295 partes
644 3216 710 3278 sint
730 3214 924 3292 essentiales,
947 3233 1123 3295 quaerero
1146 3217 1189 3277 ad
1211 3235 1328 3279 reserum

88 3311 227 3383 spectent
248 3311 401 3365 ornatum.
453 3300 534 3363 Nam
558 3303 686 3382 loquens
717 3320 780 3363 non
801 3319 924 3380 seraper
945 3302 1026 3362 aride
1054 3304 1173 3382 aliquid
1194 3304 1327 3380 edicere,

88 3390 144 3451 sed
166 3390 269 3465 etiam,
293 3391 324 3451 si
342 3390 478 3470 (ianato
501 3389 627 3450 dicendi
647 3406 760 3467 qenere
781 3389 898 3463 auteur,
929 3388 1021 3468 plene
1056 3398 1225 3468 ornatoque
1246 3409 1327 3469 pra-

86 3493 203 3554 ponere
225 3475 326 3548 solet;
347 3476 401 3555 qui
422 3476 518 3554 iqitur
540 3493 587 3550 ea,
610 3491 690 3553 quoe
712 3474 813 3535 solius
836 3483 967 3534 ornatus
991 3493 1091 3536 cansa
1113 3475 1222 3536 addita
1242 3487 1326 3555 sant,

88 3580 155 3623 cum
177 3561 246 3624 illis
268 3561 489 3639 confunderet,
522 3578 601 3640 quoe
625 3561 668 3620 ad
689 3561 791 3639 ipsam
812 3562 997 3621 sententiam
1019 3563 1199 3631 necessario
1220 3566 1325 3641 perti-

88 3656 178 3725 nent,
214 3649 491 3727 interpretationes
528 3650 651 3724 ineptos
681 3646 899 3725 absurdasqnc
929 3648 962 3706 in
995 3647 1129 3707 mediam
1160 3650 1325 3727 proferret.

88 3731 170 3809 Quid
191 3751 268 3795 oero
290 3734 333 3795 ad
354 3734 421 3811 illa,
445 3732 521 3815 quid
542 3732 584 3793 od
604 3733 681 3793 naec
703 3730 899 3810 referendum
922 3740 974 3804 set,
997 3750 1013 3792 e
1037 3734 1326 3814 coqnitoloqurntis

87 3820 223 3881 consilio
244 3820 373 3898 patelit;
394 3837 433 3880 ea
454 3820 601 3880 nimirum
624 3818 809 3879 essentialia
832 3826 919 3893 snut,
953 3820 1021 3880 siae
1052 3819 1164 3899 quibus
1197 3821 1325 3899 loquens

86 3924 216 3986 scopum
238 3924 330 3967 suum
350 3923 413 3969 non
434 3912 674 3985 assequeretar;
696 3904 754 3965 illa
776 3910 881 3965 actem
903 3904 946 3965 od
967 3924 1084 3965 merum
1103 3914 1246 3967 ornatam
1268 3924 1324 3965 re-

85 3990 228 4068 serenda,
251 4010 330 4071 quae
353 3992 444 4055 saloo
466 3991 602 4052 consilio
625 3990 737 4052 abesse
756 3998 900 4068 possunt.
946 3988 977 4053 Si
1000 4009 1027 4050 v.
1051 4010 1080 4073 g.
1104 3991 1225 4064 scimus,
1249 3992 1326 4053 iesu

84 4076 474 4160 inpropoueudode-iilio
498 4075 628 4158 prodigo
652 4075 796 4156 parabola
820 4074 1085 4139 iuissooousilium
1109 4075 1249 4156 superius
1275 4078 1326 4137 iu-

85 4163 236 4240 dicatum,
272 4162 461 4245 singularum
487 4162 576 4224 simul
599 4161 781 4223 narrationis
815 4162 944 4242 partium
973 4164 1035 4223 non
1056 4160 1232 4242 ignoremus
1256 4180 1326 4225 mo-

84 4256 229 4312 mentum.
276 4248 343 4312 lum
375 4244 448 4312 vero
480 4247 588 4309 eadem
611 4249 762 4310 sententia
785 4249 938 4329 prodiret,
972 4247 998 4309 si
1020 4246 1112 4309 Jesus
1147 4248 1326 4329 simpliciter

83 4336 128 4398 sic
150 4334 331 4421 parobolam
353 4335 585 4417 proposuisset:
609 4333 728 4396 Homini
753 4334 872 4396 cuidam
897 4333 955 4394 sluo
980 4338 1066 4394 erunt
1089 4332 1158 4411 filii,
1197 4353 1326 4414 quorum

83 4429 158 4485 uulu
180 4423 282 4499 minor
304 4429 431 4503 eccepto
455 4439 472 4482 o
495 4420 583 4481 Putre
606 4420 708 4482 debila
731 4420 878 4483 bonorum
891 4418 1018 4499 partein
1033 4424 1145 4481 terrum
1168 4421 1325 4499 proiectus

81 4503 282 4591 peregrinum
313 4507 392 4572 adeo
414 4506 573 4579 luxuriose
598 4506 693 4587 vixit,
723 4514 756 4570 ut
777 4505 863 4568 brevi
892 4522 1008 4567 sumum
1029 4503 1184 4656 loboroqqt
1212 4508 1326 4591 inopie,
