2834 4896
1271 200 1291 259 9

56 375 313 456 interpretatione
336 369 487 432 dictorum
510 389 588 451 opus
612 378 677 444 est,
701 379 734 433 ut
757 372 935 452 loquentem
958 372 1039 432 inter
1061 378 1092 439 et
1114 370 1291 433 audientem

54 465 251 546 legentemve
274 459 498 538 cogitationum
520 459 759 519 communicatio
783 459 872 519 adsit.

138 549 199 609 Est
219 556 323 607 autem
352 546 553 623 interpretari
575 544 688 619 dicere,
712 546 764 622 qui
785 546 828 605 sit
850 544 1015 605 uerborum
1039 544 1192 622 loquentis
1214 563 1291 605 seu-

52 655 116 712 sus,
139 652 199 695 scu
221 630 353 711 efficere,
375 638 410 691 ut
431 630 564 690 audiens
587 630 728 708 lepensoe
750 631 923 690 credonem
946 631 1109 709 qainondam
1130 630 1212 690 idem
1234 649 1292 691 co-

51 725 142 801 pitet,
166 718 252 799 quod
271 724 383 779 auctor
405 716 560 793 ejusdem,
583 716 655 777 dum
678 715 878 796 loquebatur,
900 716 1067 795 copitalrat.

138 804 326 883 interpretis
352 819 478 862 rennuere
508 799 600 879 funpi
624 810 728 879 petest
749 801 800 861 eet
826 802 895 882 ipse
932 802 1077 879 loquens,
1114 802 1166 862 eet
1199 802 1292 862 alius.

52 892 167 954 Munus
189 891 266 964 lica,
287 890 318 949 si
339 889 406 966 ipse
426 887 556 966 loquens
578 896 625 948 est
646 889 822 965 interpres,
843 890 990 964 unicam,
1012 889 1159 948 nimirum
1180 907 1293 949 sennes

51 977 252 1057 capencndi;
282 974 396 1054 quodsi
427 990 503 1033 uero
536 972 619 1033 alius
647 975 890 1051 interpretatur,
923 974 1078 1051 duplicem
1097 973 1291 1051 lunationum

52 1062 277 1142 complectitur,
299 1077 426 1120 sensum
447 1058 592 1118 uidelicet
609 1060 788 1120 inveniendi
800 1069 830 1119 et
843 1060 1026 1138 exponendi,
1072 1060 1293 1138 Interpretutic

52 1148 196 1229 profecta
218 1145 259 1207 ab
288 1148 358 1223 ipso
390 1145 531 1224 loquente
553 1144 604 1204 uel
625 1144 664 1205 ab
696 1147 763 1223 ejus
794 1147 915 1206 uicaria
950 1147 1102 1223 lepitimo,
1136 1148 1170 1206 ia
1204 1164 1292 1224 prtem

53 1253 149 1314 neque
172 1233 381 1310 ipnoraatiae,
402 1249 460 1311 nec
485 1231 590 1291 laesae
600 1230 674 1307 fidei
695 1232 835 1308 suspicio
858 1232 952 1307 cudit,
975 1232 1090 1292 (licitur
1106 1232 1294 1301 arridentis-u,

54 1330 84 1381 ct
112 1322 222 1398 utipcre
249 1319 385 1396 penuina
418 1316 561 1376 nubenda
583 1326 654 1389 cst,·
686 1319 901 1393 interpretatio
935 1326 1037 1378 autern
1058 1316 1098 1377 alr
1121 1318 1186 1376 alio
1206 1318 1293 1394 [urta

57 1403 242 1466 doctrinalis
264 1411 410 1471 ematur,
433 1404 524 1480 cujm
546 1405 721 1463 atteteritur
742 1413 805 1463 tarra
827 1421 848 1463 a
870 1404 1024 1478 tdcoriuc,
1054 1404 1097 1462 ad
1130 1420 1220 1480 piram
1242 1405 1294 1461 in.-

60 1492 201 1564 sumitur,
223 1490 434 1571 praestantia,
457 1498 521 1549 tum
544 1507 564 1547 u
586 1499 673 1550 recta
693 1488 888 1567 sinpularum
910 1490 1178 1567 interpretationis
1200 1506 1294 1566 repu-

60 1577 156 1636 larum
178 1575 392 1655 applicatione
414 1575 573 1653 dependet.

596 1758 714 1873 'aa

513 1932 588 1983 Notio
606 1932 827 1986 hermeneuticae.

141 2093 383 2156 Hemeneuiica
414 2085 621 2169 (dorcastriensi
645 2110 689 2152 sc.
712 2092 798 2170 τέχνη
820 2090 871 2153 uel
894 2085 1058 2171 ἐπιστήμη)
1081 2096 1151 2173 jum
1174 2095 1206 2154 tu'
1227 2104 1295 2175 clp-

55 2181 211 2259 molopiue
233 2180 362 2239 denotat
393 2187 492 2239 artem
515 2187 569 2239 aut
597 2180 760 2239 scientiam
791 2181 1018 2258 interpretandi
1026 2201 1039 2253 ,·
1073 2199 1185 2241 nenrcn
1216 2183 1297 2241 anim

60 2268 113 2327 tec
145 2267 310 2326 derivatur
331 2263 371 2324 alr
404 2256 582 2341 ἑρμηνεύειν,
608 2266 827 2341 interpretari,
857 2274 886 2325 et
907 2266 966 2326 lrec
988 2266 1028 2326 ab
1050 2265 1182 2344 Ἑρμῆς,
1213 2266 1297 2345 qrrod

60 2360 125 2412 crat
146 2370 261 2412 nomen
272 2350 428 2425 Mercurii,
452 2352 505 2428 qui
526 2350 654 2410 deorum
677 2350 849 2411 debebatur
870 2353 1078 2413 internuntius
1097 2361 1127 2413 et
1148 2353 1297 2414 nolunta-

60 2441 97 2498 tis
130 2456 239 2498 eorum
266 2438 429 2514 interpres.
474 2435 582 2495 ltu-late
614 2434 651 2495 ad
684 2434 891 2497 definitionem
922 2437 1036 2497 realem
1069 2438 1298 2499 hermeneutica

60 2523 208 2601 adjective
230 2531 381 2601 spectata,
404 2530 452 2583 est
472 2530 622 2601 systema,
645 2521 814 2597 snrbjectiee
837 2539 911 2584 aero
934 2524 1143 2599 consideratu,
1165 2525 1299 2584 scieritia

63 2610 252 2687 sepulerum,
275 2608 318 2668 ad
339 2626 417 2687 quas
439 2626 551 2667 sensus
574 2609 728 2668 orationis
741 2610 800 2670 rite
822 2610 1027 2670 insaniendus
1049 2610 1181 2689 aliisque
1197 2628 1299 2688 eapo-

59 2697 178 2756 uendus
200 2703 256 2755 est.
301 2692 537 2755 Hermeneutica
558 2696 603 2755 ita
626 2694 762 2771 definita,
785 2704 937 2775 quatenus
959 2696 1140 2774 repuleram
1162 2705 1298 2775 systema

57 2782 215 2859 proponit,
231 2781 328 2857 juata
350 2797 429 2858 quus
450 2781 592 2857 cujarseis
614 2782 769 2840 orationis
791 2783 858 2841 sine
881 2781 1061 2842 discrimine
1082 2800 1195 2843 sensus
1207 2784 1299 2841 irrue-

59 2868 165 2927 niotur
187 2873 219 2927 et
239 2874 431 2943 exponatur,
461 2874 595 2927 uocatur
624 2867 814 2939 cammunis;
848 2876 1000 2945 quatenus
1028 2885 1104 2928 vero
1127 2868 1186 2928 lrac
1208 2869 1242 2927 in
1264 2885 1299 2927 re

59 2962 162 3013 cartae
175 2952 292 3013 classis
315 2949 464 3011 librorum
477 2951 569 3012 dubet
589 2955 752 3027 renonem,
771 2953 944 3030 pectiliaris
965 2956 1152 3015 inominatur.
1195 2952 1299 3027 Quare

58 3047 88 3099 et
107 3038 339 3098 hermeneutica
361 3036 476 3097 biblica
490 3046 538 3099 est
555 3038 738 3116 peculiaris,
762 3040 836 3116 quia
857 3041 994 3101 cananei
1014 3048 1149 3120 sustenta
1171 3039 1300 3117 repula-

58 3142 143 3200 rum,
167 3125 266 3203 juata
288 3141 367 3202 quas
401 3122 551 3183 librorum
578 3123 763 3184 biblicorum
785 3142 898 3184 sensus
920 3127 979 3186 rite
1003 3135 1065 3186 tum
1095 3125 1299 3185 inveniendus

58 3219 121 3271 turn
155 3208 360 3287 exponendus
390 3217 444 3269 est.
489 3209 566 3287 lpse
596 3227 671 3269 uero
695 3209 771 3269 lraec
805 3210 1033 3272 derniencutica
1061 3210 1175 3272 biblica
1197 3211 1299 3271 derruc

58 3295 211 3373 adjective
235 3303 265 3355 et
286 3293 457 3372 subjective
479 3296 685 3371 considerari,
706 3313 804 3374 porra
837 3297 1000 3374 complecti
1029 3304 1134 3375 potest
1165 3305 1301 3376 systema

58 3382 252 3460 repuleram,
275 3381 319 3440 ad
341 3398 420 3458 quas
441 3380 492 3440 uel
513 3383 647 3442 omnium
672 3381 822 3442 librorum
845 3381 1037 3458 lrilrlicerum,
1060 3383 1111 3442 uel
1130 3385 1225 3443 unius
1248 3383 1301 3443 al·

63 3469 203 3528 temusee
235 3484 349 3526 sensus
383 3476 431 3527 est
468 3468 673 3527 inveniendus
707 3476 737 3528 et
776 3468 985 3545 seponendus.
1032 3467 1117 3529 Unde
1143 3469 1301 3530 distinctio

59 3555 163 3613 oritur
183 3553 267 3613 inter
287 3551 545 3612 hermeneuticam
574 3551 718 3613 biblicam
748 3553 924 3631 pectoralem
947 3564 977 3614 et
1008 3556 1192 3631 specialem,
1223 3572 1301 3633 quae

58 3648 191 3717 utraque
210 3639 379 3716 principiis
401 3637 647 3699 dernreneuticue
670 3641 841 3698 cennmuais
863 3638 1145 3719 nititur,*ejusqrre
1174 3641 1301 3719 repulus

58 3726 92 3783 in
113 3742 193 3784 sues
215 3723 341 3785 addidet
361 3742 456 3800 usus,
489 3725 535 3784 ita
555 3733 590 3785 ut
612 3725 669 3784 illo
691 3726 749 3786 rite
780 3726 913 3785 tracturi
940 3735 1090 3805 niequeat,
1122 3729 1195 3806 quin
1224 3725 1300 3786 daec

59 3810 156 3870 simiel
176 3810 374 3887 respiciatur.

144 3894 211 3955 ΝΒ.
237 3895 264 3954 1.
309 3892 355 3954 Ex
376 3894 604 3956 hermeneutica
627 3896 736 3957 biblica
760 3895 907 3977 generali,
931 3898 1052 3977 quaein
1074 3898 1134 3960 hoa
1153 3896 1300 3979 opusculo

62 3979 205 4056 auditur,
238 3997 299 4041 non
332 3979 444 4040 difficili
468 3980 573 4042 labore
596 3981 719 4042 lonnari
742 3983 854 4062 poterit
876 3983 1038 4064 specialis,
1062 3983 1223 4045 dummodo
1246 3999 1302 4043 re-

63 4064 152 4145 gulae
176 4064 255 4126 illius
279 4065 317 4126 ad
339 4064 447 4127 librum
471 4068 607 4146 quemvis
631 4066 773 4129 biblicum
789 4069 829 4128 ita
853 4069 1050 4149 applicentur,
1073 4076 1108 4130 ut
1128 4069 1301 4130 notitiarum

62 4150 400 4233 illarumpeculiarium
423 4152 571 4213 habeatur
591 4155 688 4229 ratio,
722 4172 797 4234 quas
821 4154 859 4215 de
891 4155 968 4217 libro
1005 4156 1140 4236 quolibet
1171 4155 1302 4237 ejusque

62 4242 187 4299 auctore
209 4237 395 4300 introductio
418 4238 560 4317 specialis
583 4238 765 4321 suppeditat.

144 4322 212 4385 NB.
235 4322 265 4385 2.
310 4322 442 4387 scientia
464 4330 569 4386 nostra
592 4325 760 4407 appellatur
774 4326 864 4387 ctiam
882 4326 1000 4389 theoria
1023 4344 1208 4409 exegeseos,
1232 4347 1302 4389 mu-

62 4414 144 4471 tuato
166 4408 291 4471 nomine
314 4409 352 4471 ab
375 4406 557 4487 ἐξηγεῖσθαι,
580 4411 662 4491 quod
684 4413 805 4492 proprie
829 4412 953 4474 denotat
966 4412 1098 4475 educere
1112 4414 1302 4494 eductosque

50 4495 190 4574 praeire,
214 4496 378 4578 improprie
392 4513 467 4557 vcro
486 4514 660 4577 exponere3
684 4499 765 4559 unde
784 4500 874 4559 etiam
892 4498 1038 4562 formatur
1055 4494 1207 4581 ittuntur,
1230 4500 1300 4577 dux,
