2834 4896
95 198 137 261 to

92 370 262 451 interpres,
286 368 474 452 explanator,
496 370 567 450 quia
589 373 676 451 quasi
699 368 786 434 ducis
809 388 936 434 munere
959 370 1104 455 iungitur,
1127 373 1179 454 qui
1201 373 1241 436 ad
1264 371 1336 437 dio·

94 463 194 518 torum
217 474 341 519 sensum
364 456 614 538 cognoscendum
636 457 745 520 lectori
767 459 817 521 vel
840 458 971 522 auditori
992 460 1071 522 uam
1093 461 1211 523 sternit.

660 652 688 720 ς.
715 645 745 709 8.

333 750 485 821 Supremam
503 752 716 806 hermeneutloae
736 756 878 807 communis
898 756 1103 824 principium).

177 868 449 950 Peruprincipium
470 868 653 949 intellioitur
672 873 861 951 propositio,
883 876 962 952 quae
979 881 1028 934 est
1046 871 1284 950 fundumentum
1306 879 1336 933 et

91 976 203 1020 norma
222 956 391 1037 plurimum
412 958 595 1029 oemtatum5
613 959 749 1036 primurn
771 975 845 1019 oero
868 977 924 1019 seu
945 975 1122 1037 supremum
1142 959 1334 1036 principium

91 1053 139 1107 est
159 1043 249 1119 illud,
272 1042 355 1122 quod
376 1044 512 1105 omnium
532 1044 698 1106 cordatum
720 1045 859 1121 ejusdem
879 1047 1005 1122 ueneris
1026 1045 1179 1106 rationem
1191 1042 1334 1107 ultimam

90 1131 125 1191 in
146 1146 181 1192 se
202 1131 348 1191 continet.
618 1146 621 1151 ·

176 1214 224 1277 Uti
247 1214 344 1276 omnis
367 1213 513 1290 scientia,
545 1213 586 1275 ita
609 1219 641 1274 et
668 1211 897 1278 hermeneutico
918 1216 1016 1296 primo
1039 1212 1172 1293 quodam
1193 1231 1253 1276 seu
1274 1231 1332 1276 su-

90 1317 196 1381 premo
220 1299 369 1383 principio
392 1298 526 1381 gaudeat
547 1317 679 1362 necesse
702 1305 771 1378 est,
795 1302 865 1380 quia
888 1318 981 1364 secus
1003 1318 1065 1362 uon
1088 1297 1170 1360 soret
1191 1299 1331 1377 scientia,

90 1387 107 1448 i.
132 1405 157 1448 e.
190 1385 386 1466 systematica
418 1386 577 1446 veritatum
608 1386 762 1467 cognitio,
793 1387 824 1446 vi
856 1387 943 1467 quus
974 1385 1114 1468 singulae
1140 1385 1270 1467 regulae
1292 1383 1331 1447 ad

89 1490 180 1534 unam
210 1472 391 1534 sententiam
418 1470 672 1533 fundamentalem
696 1489 755 1534 ceu
784 1472 861 1534 radii
884 1472 923 1535 ad
956 1479 1094 1534 centrum
1122 1487 1212 1533 suum
1233 1470 1332 1533 redu-

90 1564 207 1619 cuntur.

80 1647 85 1656 ‘
175 1643 234 1705 Est
264 1660 339 1705 vero
370 1661 549 1722 supremum
579 1643 826 1705 termeneutioae
856 1645 1029 1707 communis
1049 1644 1241 1724 principium
1275 1663 1329 1707 ae·

90 1748 208 1810 quens:
1288 1798 1291 1803 ,

242 1815 375 1876 Sensum
406 1815 559 1895 loquentis
582 1834 640 1895 ope
661 1835 740 1877 usus
772 1815 934 1895 loquendi,
967 1815 1122 1876 orationis
1152 1825 1328 1894 contentus,

294 1912 351 1962 nee
373 1919 437 1962 non
460 1902 649 1963 conditionis
671 1911 734 1964 tom
756 1903 897 1964 internae
915 1920 1006 1982 quom
1028 1910 1176 1963 externae
1200 1903 1328 1982 loquen-

295 1989 336 2048 tis
358 2004 512 2065 ooqnosce
535 1996 565 2048 et
582 1988 696 2066 ponde.

173 2071 423 2152 Propositiouem
445 2073 526 2135 lianc
547 2092 725 2153 supremum
748 2073 994 2134 hermeneuticue
1014 2074 1187 2146 communis
1202 2074 1328 2153 proieci-

84 2159 175 2240 pium
191 2160 266 2236 jure
295 2157 418 2234 haberi,
453 2158 579 2219 dubium
601 2177 665 2221 uon
687 2161 767 2235 erit,
797 2161 827 2220 si
849 2159 1092 2222 demonstratum
1112 2159 1229 2237 suerit,
1262 2178 1329 2221 eom

87 2243 232 2306 omnibus
252 2244 389 2322 condere
412 2243 545 2321 donem,
569 2247 694 2324 quaein
707 2247 811 2325 primo
831 2247 989 2324 principio
1008 2245 1119 2324 quouis
1140 2244 1327 2309 desideran-

84 2338 147 2393 tur.
192 2329 373 2410 Requiritur
394 2339 497 2392 eutem
518 2333 552 2392 in
574 2333 640 2408 toli,
661 2340 698 2392 ut
719 2336 757 2406 a)
780 2349 892 2392 revera
913 2333 957 2393 sit
974 2333 1110 2409 primum
1132 2349 1188 2392 seu
1210 2349 1326 2410 supre-

86 2435 179 2493 mum,
200 2418 222 2477 i.
241 2435 267 2478 e.
290 2435 354 2478 non
371 2415 411 2477 ab
433 2417 498 2479 alio
521 2417 695 2493 deductum,
716 2436 815 2498 neque
833 2418 890 2478 olii
910 2416 1148 2479 subordinatum
1156 2439 1170 2490 ;
1193 2417 1229 2492 d)
1253 2418 1328 2479 uni·

87 2503 221 2579 versate,
244 2505 264 2564 i.
283 2521 308 2563 e.
332 2505 468 2564 omnium
490 2505 669 2582 renatorum
683 2513 713 2565 et
734 2505 898 2565 veritatum
921 2503 1060 2581 ejsudem
1081 2504 1232 2565 scientiae
1248 2503 1326 2582 fun·

87 2589 263 2650 dementum
285 2597 315 2650 et
333 2588 408 2666 sous
419 2609 433 2661 ;
455 2593 491 2663 c)
514 2591 721 2669 adaequatum
733 2591 845 2650 seuita
867 2598 1091 2668 comparatum,
1112 2598 1229 2649 utnon
1251 2598 1325 2651 ton·

87 2682 151 2737 tum
173 2675 308 2735 cronium
330 2671 516 2752 dicriminoe
538 2676 674 2753 alicujus
696 2677 861 2737 veritatum
880 2675 1114 2753 fundantentum
1135 2676 1187 2751 sit,
1209 2675 1268 2735 sed
1278 2676 1325 2737 si-

86 2761 153 2822 mul
173 2761 300 2822 nonnisi
321 2759 433 2821 dorum
455 2769 486 2823 et
506 2779 571 2823 non
593 2762 750 2834 aliorum;
783 2761 822 2836 d)
844 2760 1008 2822 absolutae
1029 2762 1248 2837 necessitatis,
1282 2763 1328 2823 tto

86 2856 123 2909 ut
142 2865 232 2908 nemo
254 2845 295 2906 ob
318 2847 386 2924 ejus
409 2846 628 2909 observatione
649 2848 763 2909 solidis
785 2865 825 2908 ee
847 2848 955 2909 causis
984 2855 1139 2908 caemtum
1157 2864 1228 2906 sese
1258 2848 1326 2907 eei·

85 2934 191 2995 stimet
198 2953 212 3005 ‚·
234 2932 364 3012 denique
387 2936 422 3007 e)
442 2935 644 3012 perspicuum
666 2943 696 2995 et
714 2934 811 3012 focile
832 2933 1001 3012 applicata.
1016 2967 1056 2978 —
1070 2931 1143 2993 Jam
1163 2949 1238 2993 aero
1251 2951 1328 2993 sen-

89 3021 188 3081 tentia
218 3037 240 3078 o
269 3017 361 3079 nobes
390 3018 493 3080 atleta
523 3019 666 3081 omnibus
695 3018 944 3099 proprietatibus
975 3020 1166 3081 enummans
1197 3020 1327 3094 entium

84 3115 134 3167 est
155 3105 237 3166 enirn

173 3191 201 3251 1.
224 3206 336 3250 reuera
354 3189 490 3268 primum
512 3207 569 3250 sen
590 3208 785 3268 supremum,
804 3198 902 3269 prout
917 3191 988 3268 jem
1010 3209 1050 3252 ee
1070 3191 1143 3269 ipso
1164 3190 1324 3268 interpre-

84 3278 215 3339 tationis
238 3285 267 3336 et
297 3292 411 3336 sensus
443 3277 570 3336 notione
598 3284 705 3353 poten
727 3294 800 3337 nom
830 3278 973 3343 inuenire
992 3284 1024 3337 et
1048 3293 1204 3355 reponere
1235 3275 1328 3339 docet

85 3362 242 3442 loquentis
264 3379 400 3437 sensum,
424 3379 484 3440 quo
497 3357 601 3422 nac'tn
624 3360 762 3440 sphaera
782 3362 861 3422 nihil
882 3363 1028 3440 superius
1050 3362 1183 3440 conitari
1201 3370 1326 3440 potest,·

170 3447 201 3509 2.
223 3446 425 3519 universale;
456 3448 568 3507 etenim
587 3447 679 3526 plene
703 3456 862 3509 enumerat
883 3465 991 3508 ornnes
1013 3447 1221 3521 conditiones,
1244 3464 1325 3525 quos

84 3532 224 3613 loquens,
246 3535 299 3613 qui
320 3533 458 3610 cecitate
479 3549 633 3612 sensaque
651 3552 711 3595 sua
727 3533 832 3595 verbis
854 3533 1055 3611 manifestare
1072 3532 1240 3608 desideret,
1263 3532 1325 3593 ob-

82 3628 196 3695 seroet,
219 3636 347 3679 necesse
369 3626 426 3694 est,
449 3626 480 3679 et
497 3636 518 3679 o
540 3618 652 3698 quidus
674 3621 741 3680 eice
764 3622 859 3682 versat
879 3636 992 3680 sensus
1014 3619 1151 3679 inventio
1170 3626 1200 3678 et
1220 3635 1324 3697 eupo-

82 3707 156 3772 sitio
180 3703 347 3785 dependet;

168 3790 198 3852 3.
222 3791 449 3868 adaequatum
467 3807 529 3868 pro
552 3797 659 3852 tenore
680 3808 812 3870 nomque
834 3807 893 3850 suo
915 3789 1044 3851 nonnisi
1066 3806 1174 3850 earum
1191 3787 1322 3866 renuta-

81 3895 152 3938 rum
170 3875 403 3955 fundamentum
424 3882 481 3949 est,
505 3893 583 3954 quoe
606 3877 649 3937 od
670 3895 784 3937 sensus
815 3877 1023 3937 inventionem
1044 3883 1076 3935 et
1096 3875 1323 3954 expositionem

84 3981 141 4024 seu
164 3960 208 4023 od
229 3961 473 4022 hermeneuticoe
492 3964 691 4040 prouinciam
709 3963 891 4041 pertinent‚·

169 4049 199 4108 d.
223 4045 386 4108 absolutae
408 4049 615 4124 necessitatis,
639 4051 713 4129 quia
733 4049 767 4108 in
789 4049 943 4124 omniurn,
976 4047 1069 4109 etiem
1091 4046 1193 4107 minus
1215 4044 1322 4107 culto-

81 4152 152 4195 rum
173 4133 335 4194 dominum*
352 4133 468 4193 animis
494 4133 619 4195 obuium
649 4134 772 4197 ostendi
792 4142 896 4212 potest
926 4151 993 4194 uno
1014 4151 1083 4194 cum
1110 4133 1321 4212 persuasione

117 4305 147 4369 ⁴)
167 4300 219 4353 cn.
238 4302 354 4353 Versuclr
374 4303 446 4352 einer
461 4300 667 4369 Beautwortuug
687 4299 849 4369 der'Frage:
870 4298 1321 4367 Weloherlnterpretationsgrund-

168 4379 223 4422 satu
245 4371 278 4422 iot
297 4371 338 4424 bei
356 4371 404 4422 der
421 4369 577 4438 Ausleguog
597 4370 644 4422 der
663 4368 802 4421 h.Sol1rilt
821 4368 860 4423 als
880 4370 927 4423 der
946 4371 1032 4437 einzig
1049 4369 1158 4437 richtige
1177 4384 1210 4419 zu
1230 4367 1320 4419 boiol-

168 4436 250 4562 {ferg
270 4438 463 4575 prumiae}
481 4438 597 4492 Koralla
623 4440 650 4490 in
678 4438 726 4490 der
749 4453 836 4492 neuen
861 4438 942 4493 theol.
963 4437 1111 4492 Zeitselrrilt
1129 4452 1181 4491 von
1200 4436 1244 4490 Dr.
1263 4436 1320 4489 Jos.
