2834 4896
124 180 168 242 911

209 356 239 418 3.
262 355 439 433 Scriptores
460 356 578 434 praeci,
600 372 731 435 mrtem
746 363 849 419 mmet
869 357 1070 435 promiscw
1091 373 1261 419 asne-non
1282 367 1358 421 esset

122 451 239 522 optos,·
261 443 333 502 licet
354 442 502 502 nimirem
522 442 637 504 otticoe
657 445 808 520 paritatis
827 452 1001 503 sectatores
1023 460 1088 503 non
1106 460 1244 520 parm
1266 462 1357 522 rapa,

124 531 234 591 moedi
265 529 336 602 sint,
371 527 461 606 lotape
493 537 595 591 tomen
622 529 833 606 postponendi
867 537 941 589 sant
963 528 1041 604 illis,
1062 530 1118 607 φη·
1139 531 1261 591 seriori
1281 548 1356 593 oeao

123 617 330 694 scripserant,
353 631 449 693 eoque
477 616 587 693 napis,
620 632 681 694 quo
711 617 883 676 viciniores
913 614 1043 693 socrant
1064 616 1132 676 siae
1153 617 1275 691 aetati,
1296 617 1360 679 eice

121 703 248 780 patrios
271 697 502 778 Apostolorum,
536 701 588 763 cel
608 702 700 762 etiam
730 720 792 780 qao
818 701 1006 779 simpliciori
1028 700 1111 780 stylo
1133 709 1275 763 matter.
1319 701 1361 765 Ex

125 785 172 848 bis
202 791 325 867 praeter
358 784 461 847 Patres
489 792 520 847 et
551 787 718 866 scriptores
750 785 904 848 ecclesiae
934 803 1066 869 graecos
1095 787 1358 850 conmendantes:

128 872 287 951 -Polybius,
319 870 371 950 qui
393 871 474 933 eirca
496 872 738 934 ducentesimum
761 890 871 935 annum
888 880 958 935 ante
973 871 1123 934 Christum
1145 872 1268 945 floruits
1284 873 1362 935 bio·

126 957 221 1020 dorus
253 956 382 1034 Siculus,
415 959 466 1039 qui
497 957 577 1021 lulio
612 956 756 1033 Caesari3
798 958 940 1027 Asianus,
964 959 1016 1038 qni
1038 957 1194 1021 Hadriano
1217 958 1300 1035 (111
1323 994 1361 1007 -

129 1044 190 1108 138
214 1063 240 1124 p.
264 1042 334 1118 Ch.)
357 1041 423 1105 lere
454 1061 569 1105 coenis
599 1042 664 1118 fuit,
698 1051 728 1105 et
762 1044 963 1122 Herodianus,
999 1045 1050 1125 qni
1074 1045 1144 1124 styli
1169 1045 1360 1126 simplicitate

126 1149 200 1212 prae
223 1131 335 1193 ceteris
359 1130 480 1205 eminet,
504 1137 536 1192 et
558 1129 769 1192 ducentesimo
793 1133 916 1192 circiter
939 1149 1018 1193 anno
1042 1150 1070 1211 p.
1094 1128 1146 1192 Ch.
1170 1131 1255 1192 vixit.
1280 1131 1327 1193 Ad
1338 1149 1361 1194 s.

127 1217 209 1281 Pauli
232 1216 395 1278 dictionem
417 1215 624 1278 illustrandam
647 1218 825 1299 praeprimis
862 1216 1076 1280 commendat
1098 1216 1298 1280 Thucididem
1319 1217 1362 1291 1).

696 1411 725 1479 ς.
752 1405 802 1468 52.

584 1539 736 1592 ll.l·‘1daeis
763 1541 911 1607 peculiaris.

213 1682 454 1746 Pecolioritotes
484 1702 506 1744 o
542 1684 675 1747 dodoeis
706 1686 740 1746 in
761 1703 877 1763 praeco
902 1683 1047 1763 loquendi
1068 1703 1129 1745 aso
1151 1692 1281 1761 praeter
1305 1684 1357 1745 lte·

129 1772 285 1835 broismos
318 1778 374 1831 etc.
406 1770 601 1848 obserootoe,
634 1773 698 1833 sive
736 1773 877 1833 notiones
900 1769 1040 1851 judaicas
1056 1777 1180 1850 spectes
1203 1771 1359 1831 vocabulis

128 1857 250 1940 graecis
275 1855 440 1936 subjectas,
464 1857 529 1918 sive
552 1858 653 1938 privas
677 1858 925 1919 constructiones
948 1857 1095 1936 respicias
1119 1855 1156 1916 ed
1181 1861 1284 1918 certas
1308 1874 1363 1917 no·

128 1945 244 2005 tionum
266 1942 432 2004 relationes
464 1961 500 2002 ac
533 1943 641 2004 modos
673 1941 1200 2024 exprimendos,etoroouldubio
1225 1948 1369 2022 exparte

128 2030 236 2093 saltem
260 2046 277 2088 e
301 2027 431 2089 dialecto
454 2027 573 2109 vulgari
595 2031 760 2109 repetitas3
784 2029 1021 2110 peculiaritates,
1054 2029 1186 2106 inquam,
1209 2025 1271 2089 bae
1294 2048 1366 2089 non·

128 2119 193 2178 nisi
215 2134 231 2176 e
255 2114 465 2193 scriptoribus
503 2115 683 2177 domesticis
711 2118 862 2194 copnrtsci
888 2124 1034 2193 possent,
1069 2111 1180 2194 qooles
1211 2114 1304 2175 eremi
1325 2114 1366 2176 to

128 2204 324 2280 interpretes,
347 2199 505 2278 losepltos
526 2198 616 2263 ttae.
639 2211 671 2264 et
703 2201 805 2279 Pttto,
829 2209 976 2262 doctores
1010 2202 1264 2280 apocryphorum
1290 2199 1321 2261 t.
1344 2207 1372 2261 ct

129 2285 474 2364 NR—mfflm

221 2374 246 2434 1.
274 2371 384 2434 Versio
406 2370 613 2455 Septaopinto
634 2393 697 2435 oon
719 2372 1174 2448 tootamobeeterislodoeis,
1197 2373 1257 2434 sed
1279 2376 1370 2434 etiom

130 2479 151 2523 o
171 2457 463 2522 Palaestinensibus
484 2461 615 2521 mociani
631 2461 739 2522 bobito
757 2469 788 2522 et
803 2461 968 2538 dilipenter
985 2460 1074 2535 lecto,
1100 2460 1225 2538 linpaoe
1247 2458 1368 2520 dodae·

129 2565 219 2608 oram
240 2564 373 2626 praeces
396 2545 492 2607 oetott
520 2564 639 2625 parens
674 2554 752 2622 erot‚
785 2548 837 2607 coi
868 2564 973 2606 ommes
993 2563 1054 2623 pro
1077 2545 1205 2605 dioerso
1228 2546 1370 2605 coltbroe

130 2633 295 2694 literarioe
316 2632 418 2710 prodo
437 2632 908 2708 plosminosceodlmeseroot;
931 2648 1028 2710 qnare
1051 2632 1157 2692 versio
1179 2630 1257 2690 boec
1282 2633 1372 2692 etiom

131 2717 168 2779 Ν.
195 2715 225 2778 Τ.
250 2715 434 2779 auctoritas
452 2726 651 2798 prototypon
673 2721 767 2798 qnasi
785 2735 866 2779 asos
889 2717 1037 2796 loquendi
1058 2718 1168 2796 praeci
1189 2716 1340 2778 eeiibait.

223 2802 252 2864 2.
276 2803 437 2883 losepltas
458 2803 504 2865 ot.
529 2814 559 2867 et
580 2805 669 2866 Plito
699 2805 804 2884 qoood
830 2812 963 2865 oetatem
985 2805 1092 2863 socris
1114 2800 1151 2863 N.
1177 2801 1207 2862 Τ.
1231 2805 1372 2882 scripto·

127 2889 219 2951 ribos
226 2891 367 2970 proximi
385 2899 485 2965 eroes,
495 2900 663 2970 praetereo
673 2908 743 2951 com
754 2890 839 2951 bisce
848 2891 887 2951 dc
897 2888 1008 2950 iisdem
1015 2908 1110 2968 saepe
1122 2890 1265 2950 materiis
1278 2889 1371 2950 verbo

127 2975 322 3055 fermentet
343 2993 434 3037 asom
458 2976 605 3055 toqoeoot
627 2977 806 3038 ltebroicom
828 2974 1108 3037 litteratoriis
1131 2993 1160 3035 v.
1184 2993 1212 3057 g.
1237 2974 1313 3055 qnid
1335 2974 1371 3036 sit

131 3062 226 3139 κρίσις
256 3062 307 3123 bit.
339 3062 368 3138 5,
405 3061 472 3136 21.;
502 3062 574 3141 quid
608 3059 752 3141 deprecate
785 3061 841 3122 sibi
873 3061 985 3135 velint3
1021 3059 1094 3141 quid
1125 3060 1282 3142 significet
1312 3079 1370 3122 vox

131 3147 286 3226 βασιλικός
307 3147 416 3227 loson,
439 3146 470 3224 4,
493 3146 562 3223 46.;
593 3147 665 3229 quid
688 3147 816 3209 denotet
838 3148 982 3226 inspecto
1004 3147 1075 3210 buc.
1102 3147 1130 3223 l,
1155 3146 1183 3207 5.
1207 3146 1255 3222 8.;
1281 3145 1368 3227 quale

129 3232 240 3295 festum
271 3233 423 3296 indicetur
455 3251 511 3315 per
541 3235 669 3313 iysolmo
692 3234 799 3296 loann.
826 3233 877 3310 10,
902 3234 972 3308 aas
996 3232 1129 3313 denique
1156 3249 1235 3313 quae
1259 3234 1300 3294 sit
1322 3233 1367 3293 vis

129 3320 256 3383 rationis
280 3339 296 3382 a
320 3338 343 3382 s.
367 3321 448 3383 Luca
471 3320 539 3382 Aet.
563 3319 614 3397 27,
640 3321 670 3380 9.
703 3319 751 3381 bis
773 3320 876 3382 verbis
899 3319 1069 3380 indicatae:
1105 3314 1155 3377 dod
1178 3315 1212 3376 ed
1237 3314 1291 3396 rip
1315 3340 1368 3396 νη-

131 3407 229 3466 certae
251 3398 308 3485 ἤδη
331 3407 587 3486 παρεληλυθέναιι
620 3407 699 3469 haec
730 3406 830 3469 omnia
853 3423 908 3487 per
930 3407 992 3467 scri
1014 3411 1098 3467 tores
1121 3403 1223 3467 laudm
1236 3422 1260 3467 »s
1287 3405 1368 3466 clare

131 3490 304 3553 edocemur.
349 3493 395 3555 Ex
427 3492 563 3570 losepbo
598 3494 677 3554 enim
707 3491 844 3568 dicimus,
879 3493 974 3569 soleo
1008 3489 1133 3552 ludaeis
1168 3506 1207 3552 eo
1229 3496 1369 3572 tempore

131 3577 296 3639 denotasse
319 3581 526 3662 magistratum
550 3596 568 3640 c
591 3585 708 3659 septem
729 3578 802 3640 viris
821 3578 1032 3658 compositum,
1056 3582 1087 3637 et
1109 3577 1140 3638 in
1163 3576 1271 3656 quavis
1295 3577 1373 3638 urbe

131 3662 308 3745 provinciali
330 3665 526 3744 residentem,
549 3665 602 3747 qui
624 3665 663 3728 de
687 3665 788 3727 causis
801 3664 967 3727 minoribus
990 3662 1221 3746 cognoscebam
1246 3662 1373 3727 summis

140 3846 450 3859 m

170 3951 200 4014 ⁹)
219 3947 271 4000 Cir.
289 3947 371 3999 Haut:
391 3947 468 4000 Uiber
486 3947 537 4001 dan
555 3946 691 3999 Gebraucb
718 3946 765 3998 der
790 3944 974 4066 ffirieehiscben
993 3944 1237 3996 Prolanscribenten
1257 3960 1304 3995 zur
1322 3944 1375 3995 Er-

217 4017 353 4085 liuternng
371 4016 417 4068 des
436 4014 464 4068 Ν.
477 4014 503 4068 Τ.
521 4016 627 4085 Leipzig
645 4015 720 4067 1796.
739 4045 773 4055 -
816 4014 910 4066 nothe:
930 4013 1131 4066 Observationes
1151 4011 1328 4132 philoloffiicac
1348 4016 1375 4063 in

218 4103 252 4139 ss.
267 4084 295 4137 Ν.
306 4086 330 4139 Τ.
351 4085 430 4138 libros
450 4102 482 4137 ex
490 4085 606 4137 Diodoro
625 4084 713 4136 Sioulo
732 4083 867 4136 collectae.
886 4083 959 4136 llaln.
979 4082 1181 4150 antipatros.
1200 4111 1235 4119 -
1278 4082 1375 4147 sorbelli

218 4154 397 4209 adnotationes
421 4157 446 4208 in
463 4154 493 4206 N.
511 4153 539 4206 Τ.
558 4170 590 4207 ex
606 4152 780 4220 Xenophonte
807 4151 943 4205 collectae.
970 4150 1037 4203 Edit.
1064 4153 1088 4203 2.
1113 4151 1252 4219 llamburgi
1281 4150 1373 4214 1720.;

219 4224 335 4288 ejusdem
353 4225 532 4276 adnotationes
551 4221 725 4290 philologicos
744 4223 769 4272 in
786 4220 816 4272 Ν.
834 4221 861 4272 Τ.
880 4237 912 4272 ex
929 4219 975 4273 Pol
987 4220 1037 4272 'bio
1057 4228 1083 4273 et
1101 4221 1208 4272 Arriano
1234 4218 1374 4271 collectae.

218 4291 281 4343 lbto
302 4293 376 4345 1715.
395 4325 428 4332 -
446 4293 555 4360 lioplne:
575 4290 776 4343 Observationes
799 4305 890 4343 sacrae
923 4290 950 4346 in
971 4237 1000 4341 Ν.
1019 4288 1047 4340 F.
1067 4289 1145 4345 libros
1171 4288 1374 4363 exauctoribus

238 4362 378 4415 odssbnnrn
405 4363 507 4432 graecis
531 4368 558 4412 at
581 4361 676 4428 antiqq.
699 4359 802 4410 itom'o
829 4358 1008 4411 Wrstislaviae
1033 4358 1106 4413 1855.
1127 4389 1159 4396 -
1179 4356 1206 4410 G.
1226 4354 1251 4417 L.
1271 4356 1377 4409 Bauer:

220 4377 681 4499 {hostagiaThucydideo-Pennino,
699 4426 742 4479 vel
760 4430 858 4479 notatio
877 4428 1014 4497 figurarum
1033 4425 1262 4481 dictionisPaollin
1280 4442 1296 4478 e
1316 4443 1375 4478 com

80 4520 164 4592 ι
219 4496 383 4566 Thucydides
404 4506 577 4566 comparatae,
595 4499 621 4550 in
641 4504 716 4548 uiuat
733 4511 877 4565 exegeseos
896 4513 988 4553 sacrae
1007 4488 1136 4567 volatiles.
1153 4494 1181 4548 8.
1207 4442 1284 4575 md·
