2834 4896
115 171 160 234 64

203 338 307 403 Nocce
325 338 429 421 fuitne
460 340 588 406 Petrum
618 336 870 403 Tridentium-nn
892 337 1069 412 consilinm,
1091 352 1154 401 non
1176 354 1258 400 oero
1278 355 1360 417 pro-

117 427 223 491 tibere
248 426 445 501 Catholicis.
463 426 641 506 tinouanem
663 426 866 502 oriainotium
887 426 1009 503 onorio,
1035 424 1153 487 aditum
1175 424 1220 486 ad
1242 434 1360 486 tentum

116 534 143 578 a.
165 515 348 593 scripturae
371 513 563 592 orioinatem
586 514 716 590 insuper
738 512 810 572 inde
830 519 926 590 patet.
951 512 1034 589 quod
1063 519 1068 527 ·

202 604 241 673 a)
263 600 326 677 ipsi
346 598 513 676 Pontifices
532 599 652 678 plures,
672 598 842 677 praecipue
864 596 973 657 Statua
998 595 1030 657 t'.
1054 602 1086 657 et
1105 594 1250 658 Clemens
1271 594 1357 657 ΤΗΙ.

115 688 150 749 in
171 685 331 748 versionis
367 683 515 763 Vutqotoe
547 683 761 745 emendatione
794 683 922 743 codices
953 700 1089 760 araceus
1110 690 1203 762 atque
1226 681 1357 743 nebrot·

59 833 64 841 ,
114 790 173 834 cor
194 770 411 841 adhibuerunt,
432 778 468 832 nt
487 771 521 831 in
540 768 739 850 praefatione
758 767 803 829 ad
816 769 991 829 Romanam
1012 768 1181 831 editionem
1203 769 1358 848 teatinum

136 858 202 919 uod
222 874 315 918 eccur

116 876 137 938 q
204 942 241 1018 b)
264 942 417 1020 ttreotoair
439 940 606 1003 catholicin
627 951 691 1000 non
712 940 835 1018 impune
859 939 1010 1014 licuisset,
1033 941 1104 1018 ipro
1126 937 1258 1001 concilii
1278 946 1357 1001 ten-

114 1048 193 1109 pore
215 1036 245 1090 et
262 1035 376 1107 posteo
397 1027 517 1089 idioma
549 1025 703 1105 oriqinate
726 1027 818 1089 adire
845 1023 918 1100 (cir.
941 1024 1113 1087 Pullavioin.
1137 1025 1161 1084 1.
1182 1030 1247 1101 a.);
1275 1023 1358 1106 quod

118 1116 232 1177 eadem

203 1204 238 1274 c)
262 1195 496 1261 Gottoticorum
518 1195 732 1275 tieeotoaorum
753 1197 932 1271 conamina,
945 1197 979 1257 in
991 1195 1187 1257 emendanda
1207 1197 1355 1259 cernone

119 1284 251 1364 Vutaata
273 1284 361 1345 breoi
379 1292 454 1362 poet
475 1283 644 1344 concilium
665 1281 803 1344 Trident.
826 1291 983 1361 suscepta,
1007 1283 1041 1342 in
1063 1283 1136 1360 ipso
1155 1281 1357 1361 praefatione

116 1372 160 1434 ad
181 1372 353 1432 Romanam
388 1369 537 1448 Vulaatae
570 1368 736 1429 editionem
765 1387 829 1429 non
858 1371 1037 1448 potuieeent
1057 1376 1146 1429 tanta
1168 1386 1242 1431 oum
1266 1369 1357 1431 mode

117 1453 371 1529 crimmcmori*).

204 1540 277 1601 Cum
296 1540 357 1620 jann
388 1539 520 1601 adeundi
552 1538 590 1599 ad
620 1539 731 1601 idioma
763 1538 913 1618 originale
932 1538 984 1617 jus
1018 1538 1176 1620 interpreti
1201 1538 1355 1601 catholic·

117 1626 301 1688 vindicatum
323 1626 378 1697 sit;
402 1644 470 1687 cum
493 1642 596 1707 porro,
620 1642 681 1706 quo
705 1624 849 1686 idiomate
872 1625 939 1686 libri
949 1623 1052 1686 biblici
1074 1625 1109 1688 V.
1132 1625 1165 1686 T.
1189 1623 1356 1701 conscripti

118 1714 189 1789 sint,
214 1713 244 1773 in
266 1710 493 1774 introductione
515 1711 546 1773 in
569 1711 603 1773 V.
617 1712 649 1772 Τ.
673 1710 831 1786 doccatur,
855 1718 886 1772 et
909 1711 1003 1771 libros
1027 1728 1135 1773 sacros
1147 1710 1184 1771 N.
1198 1711 1230 1772 T.
1243 1728 1355 1792 graece

117 1799 220 1880 lingua
244 1805 387 1859 exaratus
411 1816 493 1875 esse,
516 1797 618 1859 demto
652 1796 820 1877 Evangelio
854 1814 878 1858 s.
908 1796 1051 1858 Matthaei
1082 1803 1114 1858 et
1135 1795 1201 1859 sors
1225 1802 1354 1876 excepta

119 1884 247 1966 epistola
278 1901 303 1946 s.
339 1883 420 1946 Pauli
457 1883 494 1945 ad
524 1883 693 1959 Hebraeos,
724 1900 853 1962 quorum
888 1891 989 1945 tannen
1023 1884 1206 1964 scriptorum
1236 1881 1355 1944 nonnisi

121 1987 252 2050 graecus
275 1969 313 2031 ad
344 1987 401 2032 nos
433 1972 573 2050 pervenit
602 1976 715 2044 textus,
750 1969 781 2029 in
811 1968 1036 2031 introductione
1057 1968 1090 2031 in
1111 1968 1147 2031 N.
1169 1969 1202 2030 Τ.
1227 1968 1358 2030 demon-

120 2063 246 2119 stretur:
269 2063 375 2133 restat,
398 2062 432 2117 ut
454 2054 493 2117 de
516 2055 619 2116 indole
641 2054 764 2136 linguae
787 2054 820 2116 N.
844 2055 877 2116 Τ.
907 2056 1084 2118 neccssaria
1108 2054 1275 2130 tradamus,
1298 2072 1357 2133 quo

121 2142 202 2203 iacto
226 2149 256 2204 et
279 2141 317 2202 de
342 2160 398 2203 usu
429 2139 575 2220 loquendi
604 2139 639 2201 N.
673 2139 705 2201 T.
726 2140 809 2219 justa
832 2140 906 2202 ferri
930 2141 1093 2219 sententia,
1116 2140 1284 2222 sontesque
1308 2141 1355 2202 in-

120 2228 215 2290 dicari
239 2234 390 2307 poterunt,
414 2245 432 2289 e
455 2227 564 2309 quibus
586 2228 654 2308 ejus
677 2228 812 2308 cognitio
835 2228 876 2291 sit
897 2227 1072 2290 hauriendo.

559 2551 857 2632 Articulus
899 2552 926 2631 L

422 2717 479 2780 De
506 2718 662 2782 indole
692 2719 877 2802 linguae
900 2719 936 2783 N.
961 2719 994 2781 Τ.
1018 2720 1077 2794 ’ἢ

690 2915 718 2982 5.
741 2906 792 2972 32.

252 3040 328 3092 Varia
346 3040 502 3118 eruditorum
520 3040 570 3096 hac
589 3043 622 3094 de
640 3059 668 3095 re
678 3043 785 3110 judicia,
807 3054 833 3098 et
850 3044 1040 3099 tractandorum
1060 3052 1228 3112 conspectur.

207 3184 252 3246 De
284 3185 391 3247 indole
423 3183 460 3247 N.
490 3185 523 3247 Τ.
556 3185 682 3264 iinouae
713 3204 777 3250 non
805 3207 870 3249 una
901 3199 972 3251 erat
998 3190 1135 3250 omnium
1165 3191 1357 3252 cruditorum

121 3273 284 3333 sententia.
327 3270 404 3333 Inde
426 3274 573 3334 nimirum
595 3290 616 3332 a
638 3274 766 3335 saecuto
789 3273 887 3336 XVII.
911 3277 969 3337 atti·
990 3276 1072 3355 uoto
1095 3275 1131 3337 N.
1143 3275 1177 3336 T.
1200 3277 1358 3339 omnimo·

122 3356 195 3416 dam
222 3359 391 3436 paritatem
424 3367 455 3420 et
483 3357 667 3436 eleyontiom
697 3377 843 3438 oroecom
876 3379 1004 3440 eantque
1035 3362 1163 3422 atticam
1195 3364 1360 3425 uindicare

123 3444 230 3502 conati
258 3451 332 3504 eunt
363 3443 553 3518 (Puristae);
577 3444 643 3503 atii
672 3461 747 3507 aero
770 3447 950 3508 hebraicum
982 3464 1104 3527 quoque
1127 3449 1197 3526 ejus
1221 3448 1357 3511 elemen-

123 3536 187 3586 tum
208 3545 272 3587 non
294 3529 396 3589 totum
429 3539 631 3609 donaverunt,
665 3532 723 3593 sed
750 3533 802 3594 tic
834 3532 878 3592 ibi
912 3533 998 3597 ultra
1020 3534 1127 3611 justos
1150 3550 1272 3613 quoqne
1296 3545 1359 3596 ter·

123 3614 226 3672 minoe
256 3614 421 3676 ectendere
455 3614 684 3677 adlabororunt
715 3617 936 3692 (Hebraistee).
981 3618 1095 3680 Horum
1125 3620 1279 3681 sententia
1298 3620 1360 3701 jam

124 3698 181 3758 sub
204 3696 294 3759 finem
317 3699 431 3760 saeculi
454 3699 542 3762 XVN.
577 3700 735 3763 dominans
768 3704 875 3780 evasit,
908 3705 979 3783 quin
1004 3711 1104 3765 tamen
1126 3705 1262 3786 priorum
1286 3722 1360 3786 per-

125 3783 310 3860 suasionem,
344 3789 449 3866 utpote
491 3785 600 3848 doctos
639 3794 758 3849 nactam
791 3788 984 3868 dei-noorai,
1026 3790 1149 3872 penitus
1195 3788 1361 3873 profligare

124 3868 250 3931 valeret.
293 3870 519 3933 Recentiseimo
556 3872 678 3935 demum
706 3893 785 3936 aeoo
820 3877 950 3955 connati
985 3878 1064 3937 ciiii
1094 3876 1239 3952 eruditio,
1273 3876 1362 3938 etde

122 3955 299 4035 ptttotoota
320 3973 417 4017 socru
438 3958 552 4037 optime
584 3961 704 4022 meritis
730 3961 810 4022 adeo
842 3979 912 4024 eree
931 3957 1091 4040 feticibus,
1114 3970 1150 4024 ut
1171 3960 1363 4024 Hebraieta-

124 4060 194 4102 rnm
216 4044 311 4105 etiam
331 4045 518 4104 sententiam
539 4061 603 4104 non
624 4047 710 4108 omni
732 4066 773 4109 ea
793 4055 884 4129 parto
906 4049 1037 4110 ueritate
1059 4049 1118 4109 niti
1138 4047 1362 4127 intelliqentee,

167 4236 196 4302 ⁵)
213 4236 268 4295 Gir.
286 4238 327 4290 Du
351 4237 411 4321 Pin:
438 4237 609 4321 Nerertation
634 4240 733 4307 prilim.
756 4240 774 4291 1.
793 4240 812 4291 1.
838 4240 914 4308 chap.
931 4241 984 4293 VN.
1002 4245 1029 4307 ς.
1047 4241 1077 4304 3;
1095 4240 1134 4293 De
1152 4240 1295 4293 Auevedo:
1314 4206 1368 4294 Pro!

116 4408 120 4415 .
212 4305 434 4445 ydlddmsshffi.
447 4307 733 4446 gagrflggoiogetieum
756 4306 891 4377 olisipone
910 4308 1322 4377 1792;tunnensherm0neut.
1341 4328 1363 4366 ι.

151 4440 195 4505 “)
215 4440 267 4496 cu.
286 4443 441 4497 Grammatik
459 4445 505 4497 der
525 4444 801 4497 nautoatanrentlichen
820 4444 1013 4567 {erachidiornr
1032 4463 1084 4500 von
1103 4446 1147 4499 Dr.
1166 4445 1235 4499 Geor
1271 4444 1363 4499 Beue-

214 4511 266 4560 dict
282 4511 379 4564 Winer.
397 4514 422 4563 5.
434 4512 599 4566 uerbeuerte
609 4513 661 4565 und
673 4513 820 4568 rennehrte
853 4514 948 4583 uiuae.
965 4514 1072 4585 Leipzig
1082 4515 1159 4573 1844.
1169 4530 1229 4583 pag.
1257 4514 1363 4583 ὅκῃ.
