2834 4896
90 218 152 285 132

80 396 149 473 jan
172 393 357 453 contestatio
380 389 419 451 ab
442 389 509 451 illis
530 387 746 466 descendens,
776 388 832 468 qai
863 388 1006 450 auctoris
1029 387 1225 471 loquentisve
1247 407 1324 452 con-

85 476 309 557 noanneane
332 476 491 556 coqnitum
502 476 685 552 babuerunt,
707 493 765 536 nec
784 477 982 537 nonsincere
993 476 1325 555 pandereoolnerunt,

82 566 178 646 planti
198 564 260 642 fide
283 572 332 625 est
353 564 457 641 diana,
480 565 542 623 imo
564 564 667 642 ipsias
698 560 867 642 scriptoris
888 568 945 623 aul
968 562 1123 642 loquentis
1146 564 1327 625 testimonia

84 650 329 730 aequiparanda
374 648 494 723 Quodsi
516 667 602 722 aero,
623 650 809 711 relationem
831 647 925 709 talem
947 664 964 708 e
987 649 1058 709 sala
1082 649 1158 711 libri
1182 648 1324 725 lectione,

81 738 215 818 proprio
241 735 366 813 judicia
400 734 550 812 adiibito,
575 746 678 798 ortam
700 750 788 805 esse,
820 733 954 812 madata
976 733 1068 796 adest
1088 736 1258 814 suspicio.-
1279 736 1325 796 illi

85 824 157 899 soli,
180 823 244 883 nisi
265 823 458 883 internorum
480 832 732 901 arqumentoram
753 820 885 883 accedat
898 818 1092 900 suffraqium,
1115 823 1173 884 aia
1189 838 1326 901 uaqrm

85 911 285 988 acquiescere
308 908 388 983 licet,
411 908 453 968 uti
477 907 509 968 in
531 907 662 988 pluriam
684 907 870 989 psalmorum
893 912 924 967 et
947 906 1140 968 oraculorum
1163 906 1327 987 propheti-

85 1011 190 1056 corum
211 993 469 1074 inscriptionibus,
484 993 594 1075 quippe
617 1012 697 1074 quae
719 994 842 1073 saepius
868 992 1006 1054 indicant
1029 1004 1158 1075 scopum
1182 992 1221 1055 ab
1235 1008 1329 1075 orgu-

85 1086 189 1143 mento
223 1079 342 1141 illerum
375 1096 502 1160 prorsus
537 1080 708 1157 diversum,
741 1086 794 1141 ant
822 1077 981 1140 historicis
1004 1078 1139 1141 auctoris
1175 1078 1326 1160 adjunctis

84 1166 174 1247 plane
196 1165 368 1227 adversum.
414 1164 526 1227 Contra
548 1184 624 1229 vero
645 1164 880 1247 Evangeiistee,
912 1165 1159 1245 quotiescunque
1191 1164 1271 1227 iesu
1294 1170 1322 1228 el

85 1250 224 1328 aliorum,
247 1269 324 1331 ques
347 1252 511 1331 loquentes
533 1252 688 1329 inducant,
712 1251 906 1314 manifestant
928 1250 1066 1328 consilia,
1090 1267 1213 1313 omnem
1234 1248 1322 1314 fldem

86 1345 242 1400 merentur
273 1354 332 1399 non
350 1366 353 1371 ·
369 1343 484 1399 tantum
517 1338 610 1417 ideo,
641 1338 723 1419 quod
754 1338 923 1418 scriptores
946 1342 1018 1399 sunt
1038 1337 1189 1419 inspirati,
1213 1338 1273 1399 sed
1295 1345 1324 1399 et

85 1431 259 1505 propterea,
284 1424 353 1503 qnia
377 1422 427 1485 vel
449 1442 466 1485 a
488 1424 564 1487 lesu
585 1424 635 1487 vel
658 1425 717 1486 illis
740 1424 912 1485 bominibus
934 1423 1140 1509 loquentibus,
1165 1424 1270 1485 serius
1289 1420 1324 1485 sd

84 1511 266 1592 religionem
291 1508 484 1571 christianam
507 1512 678 1589 conversis,
701 1509 874 1572 immediata
898 1516 950 1571 aut
962 1506 1096 1572 mediate
1107 1516 1198 1571 eram
1211 1509 1323 1588 edocti,

84 1596 281 1676 aequoniam
304 1595 343 1657 de
365 1596 522 1660 voluntate
545 1614 651 1660 eorum
673 1598 805 1676 sinceri,
828 1610 902 1658 vera
925 1594 1059 1674 dicendi,
1082 1595 1177 1658 dubio
1200 1594 1325 1659 fundato

84 1682 173 1744 locus
196 1699 268 1743 esse
291 1683 407 1761 nequit.

171 1785 202 1847 2.
223 1782 275 1846 Ea
296 1788 463 1847 occasione
487 1786 652 1864 samonis,
672 1800 842 1867 perquam
863 1784 1067 1865 intelliqimas
1086 1783 1148 1848 iila
1162 1782 1324 1865 adjuncto,

84 1871 197 1952 q'uibas
218 1873 289 1951 qais
311 1872 355 1933 ad
377 1872 562 1953 loquendam
583 1872 635 1934 eei
655 1872 864 1949 scribendam,
887 1872 931 1935 ad
951 1871 1011 1934 bac
1031 1870 1084 1932 ael
1103 1870 1187 1933 illud
1209 1872 1321 1933 dicen·

85 1959 158 2019 darn
188 1958 418 2019 determinatur.
464 1957 565 2033 Quam
589 1960 659 2037 jam
692 1954 841 2034 nomines,
864 1966 900 2020 ut
920 1965 1039 2020 certam
1058 1958 1192 2037 capiant
1212 1956 1323 2019 consi-

84 2045 168 2120 liam,
194 2044 377 2124 pleramque
406 2044 624 2124 peculiaribus
653 2046 900 2106 circumstantiis
929 2050 1137 2120 moveantar,
1168 2044 1327 2105 siverint

82 2130 194 2207 dubia,
232 2148 311 2210 quac
342 2148 512 2207 remouere,
545 2133 614 2192 siae
636 2149 763 2192 errores
785 2148 824 2193 ac
846 2131 934 2207 uitia,
958 2146 1037 2212 quae
1061 2131 1236 2209 corripere,
1259 2132 1324 2191 siae

81 2224 165 2292 cota,
183 2214 295 2296 quibus
310 2217 508 2295 satisfacere,
531 2219 601 2279 siae
613 2224 750 2279 moestus
765 2224 795 2278 et
807 2216 904 2279 aelati
915 2214 1176 2296 desperabundas
1190 2216 1325 2292 animus,

84 2320 174 2381 wem
196 2303 343 2379 criqerre,
368 2305 436 2364 siae
458 2305 492 2364 in
513 2321 625 2382 qaaere
649 2311 755 2365 certae
777 2301 981 2382 indiqentiae,
1004 2301 1116 2383 quibas
1137 2302 1326 2380 satisfacere

85 2388 213 2448 colant:
235 2387 321 2448 iisce
344 2388 503 2467 adjunctis
525 2391 658 2468 capnitis
682 2390 837 2470 loquentis
868 2390 964 2451 etiam
992 2388 1159 2449 consilium
1178 2389 1323 2467 patescit.

88 2472 138 2536 Sic
161 2473 210 2535 cui
231 2479 324 2535 notae
346 2480 418 2535 sunt
440 2480 502 2536 tum
523 2474 700 2553 relationes,
724 2492 805 2555 quae
827 2492 851 2538 s.
875 2472 969 2536 Paulo
992 2471 1030 2535 de
1043 2471 1211 2535 Corinthiis
1237 2476 1324 2535 erant

89 2559 208 2645 allatae,
231 2564 293 2620 turn
316 2561 526 2639 quaestiones,
550 2578 626 2641 quas
643 2560 789 2623 Corinthii
810 2561 870 2641 ipsi
892 2575 950 2640 per
970 2558 1075 2622 literas
1097 2564 1324 2640 proposuerant

83 2643 255 2725 Apostolo:
291 2644 479 2727 singularam
509 2650 638 2727 partium
660 2649 775 2728 primae
799 2645 949 2727 epistolae
972 2644 1010 2707 ad
1034 2643 1209 2707 Corinthios
1234 2644 1322 2706 linem

82 2730 244 2813 intelliget.
289 2729 434 2794 Similiter
463 2733 513 2813 qui
545 2750 607 2796 non
641 2733 794 2815 ingnorat,
817 2750 842 2795 s.
865 2730 989 2794 Paulum
1013 2730 1050 2792 ad
1074 2730 1239 2811 epistolam
1262 2730 1324 2792 He-

83 2816 184 2878 braeis
208 2815 401 2878 scribendam
417 2836 455 2880 eo
480 2836 552 2881 esse
561 2826 741 2900 permotum,
766 2817 848 2900 quod
867 2817 1015 2889 audierat,
1034 2815 1323 2879 ludaeosinbdeies

83 2901 198 2964 nullum
231 2918 294 2963 non
321 2920 447 2967 movere
470 2903 624 2987 lapidem,
647 2912 681 2966 ut
702 2904 867 2987 populares
890 2920 966 2966 suos
990 2902 1181 2965 Christianos
1205 2902 1246 2965 ad
1269 2900 1324 2964 de-

83 2987 248 3051 iectionem
286 3004 303 3050 a
335 2989 486 3073 religione
521 2991 684 3053 christiani
706 2991 877 3068 incitarent,
899 2988 1044 3070 huncque
1066 2988 1099 3049 in
1121 2987 1215 3050 finem
1239 2988 1324 3051 mma

84 3092 121 3136 ae
142 3073 409 3155 persecutionibus
444 3077 533 3139 etiam
557 3082 736 3161 argumenta
759 3075 913 3157 adjicere,
943 3094 961 3139 a
983 3074 1144 3158 religionis
1167 3075 1323 3137 mosaicae

83 3160 266 3241 splendore,
300 3167 333 3222 et
361 3162 461 3225 cultus
491 3164 651 3225 christiani
683 3162 875 3244 simplicitate
910 3160 1025 3243 petito:
1048 3166 1110 3222 tarn
1133 3158 1324 3243 singularam

83 3249 222 3326 partium,
247 3248 451 3325 quamtotius
474 3249 624 3330 epistolae
647 3266 774 3329 scopum
796 3248 970 3330 perspiciet.
1026 3244 1136 3324 Causa,
1162 3262 1221 3308 cur
1244 3262 1324 3308 non-

84 3350 238 3413 nunquam
259 3333 298 3413 in¹
313 3332 373 3396 boc
393 3336 444 3397 vei
465 3336 518 3397 illo
540 3336 656 3416 psalmo
678 3334 908 3416 interpretando
940 3334 1071 3415 ejusque
1096 3348 1195 3413 scopo
1221 3332 1326 3396 deler-

86 3418 234 3480 minando
262 3418 346 3481 dubii
377 3421 568 3499 haereamus,
592 3420 773 3497 saepissime
796 3419 894 3483 solum
916 3420 948 3481 in
969 3420 1084 3503 ignotis
1107 3418 1247 3481 rumoris
1270 3414 1325 3481 ad-

80 3504 194 3586 junctis
218 3509 266 3565 est
287 3505 344 3566 sita
358 3506 406 3582 ll).
429 3542 472 3554 -
496 3506 703 3589 Goqnoscitar
724 3516 827 3571 auam
849 3507 975 3569 occasio
998 3504 1180 3575 sermonis:
1309 3526 1312 3531 ·

171 3612 210 3683 a)
233 3626 274 3669 ea
295 3608 509 3674 declaratione
531 3610 633 3692 ipsius
656 3611 811 3691 loqueatis
834 3610 955 3691 operti,
980 3626 1008 3671 v.
1032 3626 1062 3692 g.
1085 3604 1158 3669 Luc.
1185 3602 1216 3685 1,
1242 3605 1271 3671 1.
1295 3604 1326 3671 2.

83 3693 105 3754 1.
129 3692 197 3755 Cor.
223 3691 252 3770 1,
279 3691 327 3754 11.
352 3695 382 3775 5,
409 3696 435 3760 1.
459 3694 489 3776 7,
516 3696 542 3761 1.
565 3696 634 3759 Act.
660 3694 710 3774 15,
734 3695 806 3771 24.;

170 3798 207 3872 b)
237 3816 278 3859 ea
306 3798 454 3878 aliarum,
478 3802 532 3882 qai
554 3801 772 3881 interfuerant,
795 3798 979 3872 relatioae;
1001 3790 1048 3859 sic
1071 3812 1131 3876 qua
1154 3794 1324 3857 occasione

83 3883 174 3947 lesus
196 3882 276 3944 hanc
299 3882 450 3949 velillum
473 3887 657 3968 parabolam,
681 3886 761 3948 bunc
783 3884 834 3947 vel
856 3882 939 3947 illum
962 3900 1137 3965 sermonem
1149 3880 1323 3963 protulerit,

83 3968 300 4053 Evangelistae
322 3972 446 4054 saepius
470 3972 584 4037 diserte
607 3977 865 4047 commemorant3

169 4084 204 4154 c)
228 4099 269 4141 ea
289 4084 440 4140 accurato
461 4078 617 4139 dictorum
639 4077 793 4152 eramiae,
816 4081 847 4135 et
866 4090 973 4135 eorum
987 4088 1058 4133 cam
1074 4070 1327 4133 circumstantiis

83 4165 209 4227 aliunde
231 4167 315 4227 notis
337 4164 575 4242 comparatione
595 4161 695 4241 facta,
718 4180 748 4223 v.
761 4179 791 4242 g.
816 4177 884 4222 cum
906 4158 1054 4237 maribus,
1077 4155 1208 4238 placitis,
1232 4156 1327 4233 aab,

123 4390 151 4460 l)
171 4390 307 4455 Quomodo
326 4391 452 4443 sermonis
470 4389 586 4452 occasio,
599 4395 726 4456 quatenus
744 4389 770 4438 in
789 4386 937 4439 conditione
955 4382 1057 4435 illarum
1076 4385 1125 4438 sita
1145 4392 1194 4449 est,
1205 4382 1240 4435 ad
1259 4398 1327 4453 quos

168 4478 198 4581 qq
212 4460 357 4582 dawauibus
374 4458 456 4513 verba
473 4458 546 4525 liunt,
565 4470 658 4511 sensus
675 4456 851 4510 iuventteuem
874 4452 1021 4507 immediate
1040 4452 1154 4521 adjuret,
1173 4456 1200 4520 s.
1219 4452 1263 4506 70.
1280 4454 1324 4505 iu-

200 4545 231 4581 ce
285 4545 324 4582 us.
997 4554 1006 4565 ··
