<?xml version="1.0" encoding="UTF-8"?>
<!DOCTYPE html PUBLIC "-//W3C//DTD XHTML 1.0 Transitional//EN"
    "http://www.w3.org/TR/xhtml1/DTD/xhtml1-transitional.dtd">
<html xmlns="http://www.w3.org/1999/xhtml" xml:lang="en" lang="en">
 <head>
  <title>
</title>
<meta http-equiv="Content-Type" content="text/html;charset=utf-8" />
  <meta name='ocr-system' content='tesseract 3.04.00' />
  <meta name='ocr-capabilities' content='ocr_page ocr_carea ocr_par ocr_line ocrx_word'/>
</head>
<body>
  <div class='ocr_page' id='page_1' title='image "./hermeneuticabib00gngoog_0087.png"; bbox 0 0 2834 4896; ppageno 0'>
   <div class='ocr_carea' id='block_1_1' title="bbox 98 206 142 269">
    <p class='ocr_par' dir='ltr' id='par_1_1' title="bbox 98 206 142 269">
     <span class='ocr_line' id='line_1_1' title="bbox 98 206 142 269; baseline 0 0"><span class='ocrx_word' id='word_1_1' title='bbox 98 206 142 269; x_wconf 79' lang='lat' dir='ltr'>bd</span> 
     </span>
    </p>
   </div>
   <div class='ocr_carea' id='block_1_2' title="bbox 58 373 1336 4571">
    <p class='ocr_par' dir='ltr' id='par_1_2' title="bbox 95 373 1332 719">
     <span class='ocr_line' id='line_1_2' title="bbox 98 373 1330 465; baseline -0.002 -19"><span class='ocrx_word' id='word_1_2' title='bbox 98 405 134 446; x_wconf 90' lang='lat' dir='ltr'>ao</span> <span class='ocrx_word' id='word_1_3' title='bbox 158 383 302 465; x_wconf 82' lang='lat' dir='ltr'>prolicua,</span> <span class='ocrx_word' id='word_1_4' title='bbox 327 393 518 459; x_wconf 79' lang='lat' dir='ltr'><strong>cognoscere</strong></span> <span class='ocrx_word' id='word_1_5' title='bbox 543 381 572 434; x_wconf 89' lang='lat' dir='ltr'>et</span> <span class='ocrx_word' id='word_1_6' title='bbox 596 373 700 435; x_wconf 86' lang='lat' dir='ltr'>iacere</span> <span class='ocrx_word' id='word_1_7' title='bbox 724 375 841 453; x_wconf 82' lang='lat' dir='ltr'>valeat,</span> <span class='ocrx_word' id='word_1_8' title='bbox 871 376 941 438; x_wconf 90' lang='lat' dir='ltr'>dein</span> <span class='ocrx_word' id='word_1_9' title='bbox 973 378 1070 440; x_wconf 89' lang='lat' dir='ltr'>omnis</span> <span class='ocrx_word' id='word_1_10' title='bbox 1105 399 1199 442; x_wconf 87' lang='lat' dir='ltr'>verae</span> <span class='ocrx_word' id='word_1_11' title='bbox 1224 382 1330 464; x_wconf 84' lang='lat' dir='ltr'>cogni-</span> 
     </span>
     <span class='ocr_line' id='line_1_3' title="bbox 98 461 1332 546; baseline -0.002 -16"><span class='ocrx_word' id='word_1_12' title='bbox 98 471 191 531; x_wconf 91' lang='lat' dir='ltr'>tionis</span> <span class='ocrx_word' id='word_1_13' title='bbox 214 467 303 540; x_wconf 82' lang='lat' dir='ltr'>lons3</span> <span class='ocrx_word' id='word_1_14' title='bbox 339 481 415 544; x_wconf 83' lang='lat' dir='ltr'>erga</span> <span class='ocrx_word' id='word_1_15' title='bbox 449 463 478 521; x_wconf 92' lang='lat' dir='ltr'>vi</span> <span class='ocrx_word' id='word_1_16' title='bbox 513 461 718 541; x_wconf 70' lang='lat' dir='ltr'>etymologiae</span> <span class='ocrx_word' id='word_1_17' title='bbox 748 462 929 524; x_wconf 89' lang='lat' dir='ltr'>secundaria</span> <span class='ocrx_word' id='word_1_18' title='bbox 954 465 1137 546; x_wconf 81' lang='lat' dir='ltr'>significatio</span> <span class='ocrx_word' id='word_1_19' title='bbox 1161 469 1252 529; x_wconf 84' lang='lat' dir='ltr'>vocis</span> <span class='ocrx_word' id='word_1_20' title='bbox 1273 473 1332 545; x_wconf 71' lang='lat' dir='ltr'>aste</span> 
     </span>
     <span class='ocr_line' id='line_1_4' title="bbox 97 544 1332 631; baseline -0.002 -14"><span class='ocrx_word' id='word_1_21' title='bbox 97 562 145 617; x_wconf 92' lang='lat' dir='ltr'>est</span> <span class='ocrx_word' id='word_1_22' title='bbox 177 552 315 616; x_wconf 88' lang='lat' dir='ltr'>doctrina</span> <span class='ocrx_word' id='word_1_23' title='bbox 347 554 515 630; x_wconf 89' lang='lat' dir='ltr'>praestans,</span> <span class='ocrx_word' id='word_1_24' title='bbox 550 544 620 606; x_wconf 89' lang='lat' dir='ltr'>dein</span> <span class='ocrx_word' id='word_1_25' title='bbox 651 546 761 608; x_wconf 90' lang='lat' dir='ltr'>doctor</span> <span class='ocrx_word' id='word_1_26' title='bbox 791 554 822 608; x_wconf 92' lang='lat' dir='ltr'>et</span> <span class='ocrx_word' id='word_1_27' title='bbox 852 548 985 631; x_wconf 86' lang='lat' dir='ltr'>denique</span> <span class='ocrx_word' id='word_1_28' title='bbox 1020 550 1099 627; x_wconf 90' lang='lat' dir='ltr'>fons,</span> <span class='ocrx_word' id='word_1_29' title='bbox 1132 551 1214 614; x_wconf 91' lang='lat' dir='ltr'>uude</span> <span class='ocrx_word' id='word_1_30' title='bbox 1239 554 1332 618; x_wconf 86' lang='lat' dir='ltr'>omnis</span> 
     </span>
     <span class='ocr_line' id='line_1_5' title="bbox 95 637 517 719; baseline -0.026 -16"><span class='ocrx_word' id='word_1_31' title='bbox 95 658 169 703; x_wconf 85' lang='lat' dir='ltr'>vera</span> <span class='ocrx_word' id='word_1_32' title='bbox 192 637 329 719; x_wconf 80' lang='lat' dir='ltr'>cognitio</span> <span class='ocrx_word' id='word_1_33' title='bbox 352 638 517 716; x_wconf 78' lang='lat' dir='ltr'>promanat.</span> 
     </span>
    </p>

    <p class='ocr_par' dir='ltr' id='par_1_3' title="bbox 91 720 1336 1572">
     <span class='ocr_line' id='line_1_6' title="bbox 182 720 1336 802; baseline -0.002 -15"><span class='ocrx_word' id='word_1_34' title='bbox 182 725 220 800; x_wconf 80' lang='lat' dir='ltr'>b)</span> <span class='ocrx_word' id='word_1_35' title='bbox 244 722 402 800; x_wconf 83' lang='lat' dir='ltr'>Anaiopiu</span> <span class='ocrx_word' id='word_1_36' title='bbox 425 720 549 799; x_wconf 73' lang='lat' dir='ltr'>ttnpaae</span> <span class='ocrx_word' id='word_1_37' title='bbox 573 725 621 778; x_wconf 83' lang='lat' dir='ltr'>est</span> <span class='ocrx_word' id='word_1_38' title='bbox 641 721 846 797; x_wconf 84' lang='lat' dir='ltr'>canpruentia</span> <span class='ocrx_word' id='word_1_39' title='bbox 861 722 1103 800; x_wconf 75' lang='lat' dir='ltr'>sipnistcationis</span> <span class='ocrx_word' id='word_1_40' title='bbox 1121 723 1247 802; x_wconf 76' lang='lat' dir='ltr'>formae</span> <span class='ocrx_word' id='word_1_41' title='bbox 1270 725 1336 785; x_wconf 81' lang='lat' dir='ltr'>ati·</span> 
     </span>
     <span class='ocr_line' id='line_1_7' title="bbox 96 803 1334 890; baseline -0.003 -15"><span class='ocrx_word' id='word_1_42' title='bbox 96 814 190 890; x_wconf 87' lang='lat' dir='ltr'>cujus</span> <span class='ocrx_word' id='word_1_43' title='bbox 212 819 269 872; x_wconf 86' lang='lat' dir='ltr'>aut</span> <span class='ocrx_word' id='word_1_44' title='bbox 288 807 445 888; x_wconf 77' lang='lat' dir='ltr'>formulae</span> <span class='ocrx_word' id='word_1_45' title='bbox 479 822 549 865; x_wconf 87' lang='lat' dir='ltr'>oum</span> <span class='ocrx_word' id='word_1_46' title='bbox 581 803 696 879; x_wconf 84' lang='lat' dir='ltr'>rnajori</span> <span class='ocrx_word' id='word_1_47' title='bbox 722 805 773 864; x_wconf 85' lang='lat' dir='ltr'>oet</span> <span class='ocrx_word' id='word_1_48' title='bbox 802 809 918 869; x_wconf 86' lang='lat' dir='ltr'>minori</span> <span class='ocrx_word' id='word_1_49' title='bbox 938 827 1067 871; x_wconf 87' lang='lat' dir='ltr'>numero</span> <span class='ocrx_word' id='word_1_50' title='bbox 1089 810 1242 871; x_wconf 88' lang='lat' dir='ltr'>similium</span> <span class='ocrx_word' id='word_1_51' title='bbox 1263 810 1334 888; x_wconf 79' lang='lat' dir='ltr'>for-</span> 
     </span>
     <span class='ocr_line' id='line_1_8' title="bbox 94 888 1334 977; baseline -0.002 -16"><span class='ocrx_word' id='word_1_52' title='bbox 94 917 217 960; x_wconf 85' lang='lat' dir='ltr'>marum</span> <span class='ocrx_word' id='word_1_53' title='bbox 238 904 295 957; x_wconf 88' lang='lat' dir='ltr'>aut</span> <span class='ocrx_word' id='word_1_54' title='bbox 312 893 520 973; x_wconf 83' lang='lat' dir='ltr'>formularum</span> <span class='ocrx_word' id='word_1_55' title='bbox 543 888 652 949; x_wconf 84' lang='lat' dir='ltr'>eddam</span> <span class='ocrx_word' id='word_1_56' title='bbox 670 896 826 966; x_wconf 76' lang='lat' dir='ltr'>potestate</span> <span class='ocrx_word' id='word_1_57' title='bbox 852 895 1062 971; x_wconf 77' lang='lat' dir='ltr'>pendentium.</span> <span class='ocrx_word' id='word_1_58' title='bbox 1107 893 1188 958; x_wconf 85' lang='lat' dir='ltr'>siv.</span> <span class='ocrx_word' id='word_1_59' title='bbox 1212 912 1244 977; x_wconf 82' lang='lat' dir='ltr'>g.</span> <span class='ocrx_word' id='word_1_60' title='bbox 1267 894 1334 958; x_wconf 86' lang='lat' dir='ltr'>lor·</span> 
     </span>
     <span class='ocr_line' id='line_1_9' title="bbox 94 974 1336 1062; baseline -0.002 -17"><span class='ocrx_word' id='word_1_61' title='bbox 94 1002 173 1045; x_wconf 89' lang='lat' dir='ltr'>mam</span> <span class='ocrx_word' id='word_1_62' title='bbox 195 980 281 1042; x_wconf 90' lang='lat' dir='ltr'>verbi</span> <span class='ocrx_word' id='word_1_63' title='bbox 303 1000 364 1058; x_wconf 79' lang='lat' dir='ltr'>pua,</span> <span class='ocrx_word' id='word_1_64' title='bbox 387 997 448 1052; x_wconf 83' lang='grc' dir='ltr'><strong><em>σαι,</em></strong></span> <span class='ocrx_word' id='word_1_65' title='bbox 471 996 523 1036; x_wconf 80' lang='grc' dir='ltr'>ται</span> <span class='ocrx_word' id='word_1_66' title='bbox 544 974 666 1052; x_wconf 90' lang='lat' dir='ltr'>saepius</span> <span class='ocrx_word' id='word_1_67' title='bbox 700 983 911 1038; x_wconf 81' lang='lat' dir='ltr'>recurrentem</span> <span class='ocrx_word' id='word_1_68' title='bbox 942 984 1052 1041; x_wconf 91' lang='lat' dir='ltr'>statum</span> <span class='ocrx_word' id='word_1_69' title='bbox 1075 980 1207 1061; x_wconf 78' lang='lat' dir='ltr'>subJecti</span> <span class='ocrx_word' id='word_1_70' title='bbox 1230 981 1336 1062; x_wconf 84' lang='lat' dir='ltr'>passi·</span> 
     </span>
     <span class='ocr_line' id='line_1_10' title="bbox 94 1057 1336 1148; baseline -0.002 -17"><span class='ocrx_word' id='word_1_71' title='bbox 94 1087 164 1130; x_wconf 83' lang='lat' dir='ltr'>vum</span> <span class='ocrx_word' id='word_1_72' title='bbox 185 1067 321 1129; x_wconf 89' lang='lat' dir='ltr'>indicare</span> <span class='ocrx_word' id='word_1_73' title='bbox 343 1062 519 1140; x_wconf 84' lang='lat' dir='ltr'>viderimus,</span> <span class='ocrx_word' id='word_1_74' title='bbox 543 1057 682 1135; x_wconf 89' lang='lat' dir='ltr'>eandem,</span> <span class='ocrx_word' id='word_1_75' title='bbox 706 1061 733 1121; x_wconf 89' lang='lat' dir='ltr'>si</span> <span class='ocrx_word' id='word_1_76' title='bbox 755 1061 856 1124; x_wconf 91' lang='lat' dir='ltr'>denuo</span> <span class='ocrx_word' id='word_1_77' title='bbox 878 1066 1022 1142; x_wconf 90' lang='lat' dir='ltr'>occurrit,</span> <span class='ocrx_word' id='word_1_78' title='bbox 1045 1065 1136 1127; x_wconf 87' lang='lat' dir='ltr'>etiam</span> <span class='ocrx_word' id='word_1_79' title='bbox 1158 1065 1210 1127; x_wconf 91' lang='lat' dir='ltr'>hic</span> <span class='ocrx_word' id='word_1_80' title='bbox 1232 1067 1336 1148; x_wconf 86' lang='lat' dir='ltr'>passi-</span> 
     </span>
     <span class='ocr_line' id='line_1_11' title="bbox 93 1143 1336 1234; baseline -0.001 -18"><span class='ocrx_word' id='word_1_81' title='bbox 93 1174 161 1216; x_wconf 88' lang='lat' dir='ltr'>vam</span> <span class='ocrx_word' id='word_1_82' title='bbox 190 1153 306 1215; x_wconf 88' lang='lat' dir='ltr'>habore</span> <span class='ocrx_word' id='word_1_83' title='bbox 335 1153 530 1231; x_wconf 73' lang='lat' dir='ltr'>patestatem,</span> <span class='ocrx_word' id='word_1_84' title='bbox 566 1143 751 1208; x_wconf 86' lang='lat' dir='ltr'>concludere</span> <span class='ocrx_word' id='word_1_85' title='bbox 785 1148 864 1210; x_wconf 88' lang='lat' dir='ltr'>licet.</span> <span class='ocrx_word' id='word_1_86' title='bbox 908 1149 952 1212; x_wconf 89' lang='lat' dir='ltr'>lta</span> <span class='ocrx_word' id='word_1_87' title='bbox 983 1150 1084 1228; x_wconf 91' lang='lat' dir='ltr'>etiam,</span> <span class='ocrx_word' id='word_1_88' title='bbox 1115 1152 1185 1232; x_wconf 87' lang='lat' dir='ltr'>quia</span> <span class='ocrx_word' id='word_1_89' title='bbox 1209 1153 1336 1234; x_wconf 83' lang='lat' dir='ltr'>saepius</span> 
     </span>
     <span class='ocr_line' id='line_1_12' title="bbox 92 1230 1334 1323; baseline 0 -22"><span class='ocrx_word' id='word_1_90' title='bbox 92 1241 205 1323; x_wconf 79' lang='lat' dir='ltr'>legitur</span> <span class='ocrx_word' id='word_1_91' title='bbox 225 1235 366 1311; x_wconf 86' lang='lat' dir='ltr'>formula,</span> <span class='ocrx_word' id='word_1_92' title='bbox 388 1235 418 1299; x_wconf 87' lang='lat' dir='ltr'>in</span> <span class='ocrx_word' id='word_1_93' title='bbox 443 1250 502 1312; x_wconf 88' lang='lat' dir='ltr'>qua</span> <span class='ocrx_word' id='word_1_94' title='bbox 536 1232 722 1311; x_wconf 83' lang='lat' dir='ltr'>praepositio</span> <span class='ocrx_word' id='word_1_95' title='bbox 752 1230 831 1292; x_wconf 76' lang='grc' dir='ltr'>κατὰ</span> <span class='ocrx_word' id='word_1_96' title='bbox 862 1253 932 1309; x_wconf 82' lang='lat' dir='ltr'>curn</span> <span class='ocrx_word' id='word_1_97' title='bbox 954 1238 1131 1299; x_wconf 89' lang='lat' dir='ltr'>accusativo</span> <span class='ocrx_word' id='word_1_98' title='bbox 1155 1244 1334 1301; x_wconf 82' lang='lat' dir='ltr'>constructa</span> 
     </span>
     <span class='ocr_line' id='line_1_13' title="bbox 91 1315 1334 1403; baseline -0.002 -14"><span class='ocrx_word' id='word_1_99' title='bbox 91 1328 226 1402; x_wconf 89' lang='lat' dir='ltr'>denotat,</span> <span class='ocrx_word' id='word_1_100' title='bbox 250 1321 362 1403; x_wconf 87' lang='lat' dir='ltr'>aliquid</span> <span class='ocrx_word' id='word_1_101' title='bbox 392 1336 464 1382; x_wconf 88' lang='lat' dir='ltr'>esse</span> <span class='ocrx_word' id='word_1_102' title='bbox 499 1322 550 1380; x_wconf 89' lang='lat' dir='ltr'>aut</span> <span class='ocrx_word' id='word_1_103' title='bbox 580 1315 647 1378; x_wconf 91' lang='lat' dir='ltr'>lieri</span> <span class='ocrx_word' id='word_1_104' title='bbox 673 1317 760 1396; x_wconf 86' lang='lat' dir='ltr'>juxta</span> <span class='ocrx_word' id='word_1_105' title='bbox 785 1318 825 1397; x_wconf 92' lang='lat' dir='ltr'>id,</span> <span class='ocrx_word' id='word_1_106' title='bbox 849 1321 931 1401; x_wconf 85' lang='lat' dir='ltr'>quod</span> <span class='ocrx_word' id='word_1_107' title='bbox 955 1323 1146 1385; x_wconf 89' lang='lat' dir='ltr'>substantivo</span> <span class='ocrx_word' id='word_1_108' title='bbox 1168 1323 1334 1401; x_wconf 84' lang='lat' dir='ltr'>iudicatur,</span> 
     </span>
     <span class='ocr_line' id='line_1_14' title="bbox 92 1402 1335 1487; baseline -0.002 -13"><span class='ocrx_word' id='word_1_109' title='bbox 92 1412 240 1474; x_wconf 89' lang='lat' dir='ltr'>lormulae</span> <span class='ocrx_word' id='word_1_110' title='bbox 262 1409 342 1484; x_wconf 90' lang='lat' dir='ltr'>huic,</span> <span class='ocrx_word' id='word_1_111' title='bbox 366 1405 393 1467; x_wconf 88' lang='lat' dir='ltr'>si</span> <span class='ocrx_word' id='word_1_112' title='bbox 416 1406 516 1468; x_wconf 93' lang='lat' dir='ltr'>denuo</span> <span class='ocrx_word' id='word_1_113' title='bbox 541 1402 672 1483; x_wconf 88' lang='lat' dir='ltr'>quodam</span> <span class='ocrx_word' id='word_1_114' title='bbox 706 1404 737 1465; x_wconf 90' lang='lat' dir='ltr'>iu</span> <span class='ocrx_word' id='word_1_115' title='bbox 768 1405 837 1468; x_wconf 91' lang='lat' dir='ltr'>loco</span> <span class='ocrx_word' id='word_1_116' title='bbox 861 1413 972 1487; x_wconf 88' lang='lat' dir='ltr'>exstat,</span> <span class='ocrx_word' id='word_1_117' title='bbox 996 1409 1125 1471; x_wconf 89' lang='lat' dir='ltr'>eandem</span> <span class='ocrx_word' id='word_1_118' title='bbox 1147 1410 1209 1472; x_wconf 86' lang='lat' dir='ltr'>vim</span> <span class='ocrx_word' id='word_1_119' title='bbox 1232 1411 1335 1473; x_wconf 89' lang='lat' dir='ltr'>trihu·</span> 
     </span>
     <span class='ocr_line' id='line_1_15' title="bbox 91 1490 679 1572; baseline -0.015 -12"><span class='ocrx_word' id='word_1_120' title='bbox 91 1497 201 1559; x_wconf 89' lang='lat' dir='ltr'>endam</span> <span class='ocrx_word' id='word_1_121' title='bbox 225 1512 307 1571; x_wconf 91' lang='lat' dir='ltr'>esse,</span> <span class='ocrx_word' id='word_1_122' title='bbox 330 1492 480 1572; x_wconf 90' lang='lat' dir='ltr'>suspicari</span> <span class='ocrx_word' id='word_1_123' title='bbox 501 1490 679 1572; x_wconf 85' lang='lat' dir='ltr'>poterimus.</span> 
     </span>
    </p>

    <p class='ocr_par' dir='ltr' id='par_1_4' title="bbox 58 1575 1334 4142">
     <span class='ocr_line' id='line_1_16' title="bbox 176 1575 1333 1661; baseline -0.002 -17"><span class='ocrx_word' id='word_1_124' title='bbox 176 1581 323 1644; x_wconf 82' lang='lat' dir='ltr'>Attamen</span> <span class='ocrx_word' id='word_1_125' title='bbox 345 1596 410 1639; x_wconf 91' lang='lat' dir='ltr'>non</span> <span class='ocrx_word' id='word_1_126' title='bbox 440 1575 637 1639; x_wconf 77' lang='lat' dir='ltr'>obstantibus</span> <span class='ocrx_word' id='word_1_127' title='bbox 661 1577 746 1638; x_wconf 86' lang='lat' dir='ltr'>hisce</span> <span class='ocrx_word' id='word_1_128' title='bbox 772 1593 854 1639; x_wconf 88' lang='lat' dir='ltr'>usus</span> <span class='ocrx_word' id='word_1_129' title='bbox 876 1580 1081 1659; x_wconf 77' lang='lat' dir='ltr'>etprnanpiue</span> <span class='ocrx_word' id='word_1_130' title='bbox 1104 1588 1136 1643; x_wconf 90' lang='lat' dir='ltr'>et</span> <span class='ocrx_word' id='word_1_131' title='bbox 1156 1578 1333 1661; x_wconf 71' lang='lat' dir='ltr'>analopiae</span> 
     </span>
     <span class='ocr_line' id='line_1_17' title="bbox 92 1661 1332 1748; baseline -0.002 -18"><span class='ocrx_word' id='word_1_132' title='bbox 92 1671 218 1748; x_wconf 70' lang='lat' dir='ltr'>linquae</span> <span class='ocrx_word' id='word_1_133' title='bbox 240 1670 273 1728; x_wconf 87' lang='lat' dir='ltr'>in</span> <span class='ocrx_word' id='word_1_134' title='bbox 293 1665 519 1745; x_wconf 81' lang='lat' dir='ltr'>capnoscendis</span> <span class='ocrx_word' id='word_1_135' title='bbox 541 1680 661 1738; x_wconf 85' lang='lat' dir='ltr'>aecum,</span> <span class='ocrx_word' id='word_1_136' title='bbox 682 1661 857 1739; x_wconf 80' lang='lat' dir='ltr'>formarum</span> <span class='ocrx_word' id='word_1_137' title='bbox 879 1684 918 1725; x_wconf 88' lang='lat' dir='ltr'>aa</span> <span class='ocrx_word' id='word_1_138' title='bbox 932 1666 1143 1744; x_wconf 79' lang='lat' dir='ltr'>formularum</span> <span class='ocrx_word' id='word_1_139' title='bbox 1163 1669 1332 1746; x_wconf 77' lang='lat' dir='ltr'>sipnificu-</span> 
     </span>
     <span class='ocr_line' id='line_1_18' title="bbox 91 1749 1332 1833; baseline -0.002 -17"><span class='ocrx_word' id='word_1_140' title='bbox 91 1754 229 1816; x_wconf 79' lang='lat' dir='ltr'>tionibus</span> <span class='ocrx_word' id='word_1_141' title='bbox 259 1772 323 1814; x_wconf 92' lang='lat' dir='ltr'>nan</span> <span class='ocrx_word' id='word_1_142' title='bbox 352 1759 401 1812; x_wconf 87' lang='lat' dir='ltr'>est</span> <span class='ocrx_word' id='word_1_143' title='bbox 429 1749 660 1824; x_wconf 84' lang='lat' dir='ltr'>constitutions,</span> <span class='ocrx_word' id='word_1_144' title='bbox 691 1750 750 1809; x_wconf 88' lang='lat' dir='ltr'>sed</span> <span class='ocrx_word' id='word_1_145' title='bbox 779 1757 897 1810; x_wconf 89' lang='lat' dir='ltr'>tantum</span> <span class='ocrx_word' id='word_1_146' title='bbox 919 1751 1144 1829; x_wconf 84' lang='lat' dir='ltr'>subsidiarias,</span> <span class='ocrx_word' id='word_1_147' title='bbox 1168 1756 1246 1833; x_wconf 84' lang='lat' dir='ltr'>quia</span> <span class='ocrx_word' id='word_1_148' title='bbox 1269 1770 1332 1813; x_wconf 79' lang='lat' dir='ltr'>nos</span> 
     </span>
     <span class='ocr_line' id='line_1_19' title="bbox 86 1833 1332 1919; baseline -0.001 -18"><span class='ocrx_word' id='word_1_149' title='bbox 86 1840 218 1919; x_wconf 86' lang='lat' dir='ltr'>praebet</span> <span class='ocrx_word' id='word_1_150' title='bbox 238 1833 464 1911; x_wconf 78' lang='lat' dir='ltr'>certitudinem,</span> <span class='ocrx_word' id='word_1_151' title='bbox 488 1855 580 1915; x_wconf 84' lang='lat' dir='ltr'>quum</span> <span class='ocrx_word' id='word_1_152' title='bbox 603 1833 662 1896; x_wconf 87' lang='lat' dir='ltr'>bae</span> <span class='ocrx_word' id='word_1_153' title='bbox 686 1834 720 1894; x_wconf 91' lang='lat' dir='ltr'>in</span> <span class='ocrx_word' id='word_1_154' title='bbox 740 1854 775 1895; x_wconf 90' lang='lat' dir='ltr'>re</span> <span class='ocrx_word' id='word_1_155' title='bbox 794 1835 883 1895; x_wconf 90' lang='lat' dir='ltr'>salus</span> <span class='ocrx_word' id='word_1_156' title='bbox 904 1856 985 1899; x_wconf 86' lang='lat' dir='ltr'>usus</span> <span class='ocrx_word' id='word_1_157' title='bbox 1008 1838 1156 1918; x_wconf 82' lang='lat' dir='ltr'>loquendi</span> <span class='ocrx_word' id='word_1_158' title='bbox 1176 1839 1332 1918; x_wconf 83' lang='lat' dir='ltr'>suppedi-</span> 
     </span>
     <span class='ocr_line' id='line_1_20' title="bbox 92 1916 1329 2005; baseline -0.003 -16"><span class='ocrx_word' id='word_1_159' title='bbox 92 1935 145 1989; x_wconf 87' lang='lat' dir='ltr'>tat.</span> <span class='ocrx_word' id='word_1_160' title='bbox 190 1924 241 1989; x_wconf 90' lang='lat' dir='ltr'>Sic</span> <span class='ocrx_word' id='word_1_161' title='bbox 262 1944 292 1986; x_wconf 87' lang='lat' dir='ltr'>v.</span> <span class='ocrx_word' id='word_1_162' title='bbox 316 1943 346 2005; x_wconf 84' lang='lat' dir='ltr'>g.</span> <span class='ocrx_word' id='word_1_163' title='bbox 371 1921 556 2002; x_wconf 82' lang='lat' dir='ltr'>etymologia</span> <span class='ocrx_word' id='word_1_164' title='bbox 570 1921 661 1983; x_wconf 92' lang='lat' dir='ltr'>docet</span> <span class='ocrx_word' id='word_1_165' title='bbox 684 1918 817 1998; x_wconf 88' lang='lat' dir='ltr'>quidem,</span> <span class='ocrx_word' id='word_1_166' title='bbox 832 1938 942 1983; x_wconf 90' lang='lat' dir='ltr'>vocem</span> <span class='ocrx_word' id='word_1_167' title='bbox 964 1916 1160 2001; x_wconf 76' lang='grc' dir='ltr'><em>προφήτηςνί</em></span> <span class='ocrx_word' id='word_1_168' title='bbox 1184 1923 1329 1986; x_wconf 90' lang='lat' dir='ltr'>elemen-</span> 
     </span>
     <span class='ocr_line' id='line_1_21' title="bbox 89 2003 1331 2087; baseline -0.002 -14"><span class='ocrx_word' id='word_1_169' title='bbox 89 2018 188 2073; x_wconf 91' lang='lat' dir='ltr'>torum</span> <span class='ocrx_word' id='word_1_170' title='bbox 211 2017 243 2072; x_wconf 89' lang='lat' dir='ltr'>et</span> <span class='ocrx_word' id='word_1_171' title='bbox 264 2009 376 2072; x_wconf 87' lang='lat' dir='ltr'>radicis</span> <span class='ocrx_word' id='word_1_172' title='bbox 400 2006 547 2067; x_wconf 86' lang='lat' dir='ltr'>denotare</span> <span class='ocrx_word' id='word_1_173' title='bbox 571 2022 650 2081; x_wconf 88' lang='lat' dir='ltr'>eum,</span> <span class='ocrx_word' id='word_1_174' title='bbox 674 2005 726 2085; x_wconf 88' lang='lat' dir='ltr'>qui</span> <span class='ocrx_word' id='word_1_175' title='bbox 748 2003 848 2068; x_wconf 86' lang='lat' dir='ltr'>futura</span> <span class='ocrx_word' id='word_1_176' title='bbox 872 2009 1029 2087; x_wconf 87' lang='lat' dir='ltr'>praedicit,</span> <span class='ocrx_word' id='word_1_177' title='bbox 1053 2015 1172 2083; x_wconf 83' lang='lat' dir='ltr'>vatem3</span> <span class='ocrx_word' id='word_1_178' title='bbox 1197 2016 1331 2072; x_wconf 85' lang='lat' dir='ltr'>estnon</span> 
     </span>
     <span class='ocr_line' id='line_1_22' title="bbox 88 2090 1330 2178; baseline -0.001 -21"><span class='ocrx_word' id='word_1_179' title='bbox 88 2115 158 2157; x_wconf 89' lang='lat' dir='ltr'>raro</span> <span class='ocrx_word' id='word_1_180' title='bbox 181 2098 269 2158; x_wconf 90' lang='lat' dir='ltr'>istam</span> <span class='ocrx_word' id='word_1_181' title='bbox 292 2092 552 2175; x_wconf 83' lang='lat' dir='ltr'>significationem</span> <span class='ocrx_word' id='word_1_182' title='bbox 570 2091 639 2152; x_wconf 89' lang='lat' dir='ltr'>voci</span> <span class='ocrx_word' id='word_1_183' title='bbox 661 2090 732 2152; x_wconf 93' lang='lat' dir='ltr'>huic</span> <span class='ocrx_word' id='word_1_184' title='bbox 756 2090 917 2155; x_wconf 90' lang='lat' dir='ltr'>tribuendo</span> <span class='ocrx_word' id='word_1_185' title='bbox 933 2101 1051 2156; x_wconf 89' lang='lat' dir='ltr'>erraret</span> <span class='ocrx_word' id='word_1_186' title='bbox 1069 2096 1234 2178; x_wconf 84' lang='lat' dir='ltr'>interpres,</span> <span class='ocrx_word' id='word_1_187' title='bbox 1258 2097 1330 2175; x_wconf 83' lang='lat' dir='ltr'>quia</span> 
     </span>
     <span class='ocr_line' id='line_1_23' title="bbox 88 2174 1330 2263; baseline 0.002 -21"><span class='ocrx_word' id='word_1_188' title='bbox 88 2181 195 2242; x_wconf 88' lang='lat' dir='ltr'>eadem</span> <span class='ocrx_word' id='word_1_189' title='bbox 217 2199 280 2244; x_wconf 86' lang='lat' dir='ltr'>vox</span> <span class='ocrx_word' id='word_1_190' title='bbox 312 2180 342 2240; x_wconf 88' lang='lat' dir='ltr'>vi</span> <span class='ocrx_word' id='word_1_191' title='bbox 376 2196 451 2239; x_wconf 92' lang='lat' dir='ltr'>usus</span> <span class='ocrx_word' id='word_1_192' title='bbox 484 2174 631 2257; x_wconf 90' lang='lat' dir='ltr'>loquendi</span> <span class='ocrx_word' id='word_1_193' title='bbox 664 2175 802 2256; x_wconf 89' lang='lat' dir='ltr'>pluribus</span> <span class='ocrx_word' id='word_1_194' title='bbox 838 2179 868 2239; x_wconf 93' lang='lat' dir='ltr'>in</span> <span class='ocrx_word' id='word_1_195' title='bbox 890 2178 967 2242; x_wconf 90' lang='lat' dir='ltr'>loeis</span> <span class='ocrx_word' id='word_1_196' title='bbox 990 2181 1145 2262; x_wconf 83' lang='lat' dir='ltr'>signifieat</span> <span class='ocrx_word' id='word_1_197' title='bbox 1166 2181 1330 2263; x_wconf 82' lang='lat' dir='ltr'>religionis</span> 
     </span>
     <span class='ocr_line' id='line_1_24' title="bbox 87 2260 1330 2345; baseline -0.001 -16"><span class='ocrx_word' id='word_1_198' title='bbox 87 2267 256 2342; x_wconf 90' lang='lat' dir='ltr'>doctorem,</span> <span class='ocrx_word' id='word_1_199' title='bbox 290 2265 342 2345; x_wconf 90' lang='lat' dir='ltr'>qui</span> <span class='ocrx_word' id='word_1_200' title='bbox 372 2281 432 2324; x_wconf 89' lang='lat' dir='ltr'>non</span> <span class='ocrx_word' id='word_1_201' title='bbox 464 2265 613 2343; x_wconf 87' lang='lat' dir='ltr'>praedicit</span> <span class='ocrx_word' id='word_1_202' title='bbox 646 2260 756 2338; x_wconf 88' lang='lat' dir='ltr'>lutura,</span> <span class='ocrx_word' id='word_1_203' title='bbox 785 2263 845 2326; x_wconf 91' lang='lat' dir='ltr'>sed</span> <span class='ocrx_word' id='word_1_204' title='bbox 867 2265 1052 2329; x_wconf 89' lang='lat' dir='ltr'>voluntatem</span> <span class='ocrx_word' id='word_1_205' title='bbox 1074 2266 1131 2329; x_wconf 91' lang='lat' dir='ltr'>Dei</span> <span class='ocrx_word' id='word_1_206' title='bbox 1154 2267 1330 2328; x_wconf 90' lang='lat' dir='ltr'>hominihus</span> 
     </span>
     <span class='ocr_line' id='line_1_25' title="bbox 87 2347 1330 2435; baseline 0 -21"><span class='ocrx_word' id='word_1_207' title='bbox 87 2352 199 2435; x_wconf 87' lang='lat' dir='ltr'>pandit,</span> <span class='ocrx_word' id='word_1_208' title='bbox 221 2352 282 2414; x_wconf 92' lang='lat' dir='ltr'>imo</span> <span class='ocrx_word' id='word_1_209' title='bbox 307 2357 338 2411; x_wconf 91' lang='lat' dir='ltr'>et</span> <span class='ocrx_word' id='word_1_210' title='bbox 359 2351 566 2429; x_wconf 79' lang='lat' dir='ltr'>interpretem,</span> <span class='ocrx_word' id='word_1_211' title='bbox 591 2348 642 2432; x_wconf 91' lang='lat' dir='ltr'>qui</span> <span class='ocrx_word' id='word_1_212' title='bbox 665 2347 790 2412; x_wconf 90' lang='lat' dir='ltr'>alterius</span> <span class='ocrx_word' id='word_1_213' title='bbox 813 2351 882 2411; x_wconf 86' lang='lat' dir='ltr'>vice</span> <span class='ocrx_word' id='word_1_214' title='bbox 905 2349 1046 2431; x_wconf 90' lang='lat' dir='ltr'>loquitur.</span> <span class='ocrx_word' id='word_1_215' title='bbox 1101 2353 1200 2414; x_wconf 87' lang='lat' dir='ltr'>Etiam</span> <span class='ocrx_word' id='word_1_216' title='bbox 1224 2351 1330 2414; x_wconf 84' lang='lat' dir='ltr'>allini-</span> 
     </span>
     <span class='ocr_line' id='line_1_26' title="bbox 58 2435 1331 2502; baseline 0 -2"><span class='ocrx_word' id='word_1_217' title='bbox 58 2464 63 2471; x_wconf 89' lang='lat'><strong>·</strong></span> <span class='ocrx_word' id='word_1_218' title='bbox 86 2445 133 2500; x_wconf 87' lang='lat' dir='ltr'>tas</span> <span class='ocrx_word' id='word_1_219' title='bbox 156 2438 222 2500; x_wconf 89' lang='lat' dir='ltr'>sola</span> <span class='ocrx_word' id='word_1_220' title='bbox 244 2437 326 2500; x_wconf 90' lang='lat' dir='ltr'>iuter</span> <span class='ocrx_word' id='word_1_221' title='bbox 347 2453 399 2497; x_wconf 90' lang='lat' dir='ltr'>res</span> <span class='ocrx_word' id='word_1_222' title='bbox 422 2435 618 2499; x_wconf 74' lang='lat' dir='ltr'>incarn—dens</span> <span class='ocrx_word' id='word_1_223' title='bbox 642 2451 704 2496; x_wconf 87' lang='lat' dir='ltr'>non</span> <span class='ocrx_word' id='word_1_224' title='bbox 726 2435 839 2496; x_wconf 86' lang='lat' dir='ltr'>sullicit</span> <span class='ocrx_word' id='word_1_225' title='bbox 872 2437 910 2498; x_wconf 88' lang='lat' dir='ltr'>ad</span> <span class='ocrx_word' id='word_1_226' title='bbox 945 2437 1158 2500; x_wconf 90' lang='lat' dir='ltr'>certitudinem</span> <span class='ocrx_word' id='word_1_227' title='bbox 1182 2437 1331 2502; x_wconf 83' lang='lat' dir='ltr'>efficien-</span> 
     </span>
     <span class='ocr_line' id='line_1_27' title="bbox 86 2520 1328 2605; baseline -0.002 -18"><span class='ocrx_word' id='word_1_228' title='bbox 86 2524 165 2588; x_wconf 80' lang='lat' dir='ltr'>dam.</span> <span class='ocrx_word' id='word_1_229' title='bbox 199 2522 231 2587; x_wconf 89' lang='lat' dir='ltr'>si</span> <span class='ocrx_word' id='word_1_230' title='bbox 252 2541 281 2584; x_wconf 91' lang='lat' dir='ltr'>v.</span> <span class='ocrx_word' id='word_1_231' title='bbox 305 2542 334 2605; x_wconf 85' lang='lat' dir='ltr'>g.</span> <span class='ocrx_word' id='word_1_232' title='bbox 358 2520 540 2582; x_wconf 86' lang='lat' dir='ltr'>vocabulum</span> <span class='ocrx_word' id='word_1_233' title='bbox 554 2522 636 2582; x_wconf 76' lang='lat' dir='ltr'>lien</span> <span class='ocrx_word' id='word_1_234' title='bbox 658 2520 689 2582; x_wconf 93' lang='lat' dir='ltr'>in</span> <span class='ocrx_word' id='word_1_235' title='bbox 712 2520 935 2602; x_wconf 85' lang='lat' dir='ltr'>significatione</span> <span class='ocrx_word' id='word_1_236' title='bbox 948 2523 1130 2585; x_wconf 89' lang='lat' dir='ltr'>secundaria</span> <span class='ocrx_word' id='word_1_237' title='bbox 1154 2524 1328 2602; x_wconf 88' lang='lat' dir='ltr'>adhibetur,</span> 
     </span>
     <span class='ocr_line' id='line_1_28' title="bbox 86 2606 1332 2690; baseline 0.001 -19"><span class='ocrx_word' id='word_1_238' title='bbox 86 2611 136 2671; x_wconf 90' lang='lat' dir='ltr'>vel</span> <span class='ocrx_word' id='word_1_239' title='bbox 157 2627 265 2690; x_wconf 82' lang='lat' dir='ltr'>regem</span> <span class='ocrx_word' id='word_1_240' title='bbox 287 2613 454 2689; x_wconf 90' lang='lat' dir='ltr'>potentem,</span> <span class='ocrx_word' id='word_1_241' title='bbox 483 2607 534 2668; x_wconf 87' lang='lat' dir='ltr'>vel</span> <span class='ocrx_word' id='word_1_242' title='bbox 567 2607 703 2682; x_wconf 84' lang='lat' dir='ltr'>heroe&#39;m,</span> <span class='ocrx_word' id='word_1_243' title='bbox 727 2606 778 2668; x_wconf 86' lang='lat' dir='ltr'>vel</span> <span class='ocrx_word' id='word_1_244' title='bbox 799 2608 898 2668; x_wconf 86' lang='lat' dir='ltr'>virum</span> <span class='ocrx_word' id='word_1_245' title='bbox 920 2609 1154 2690; x_wconf 81' lang='lat' dir='ltr'>magnanimum,</span> <span class='ocrx_word' id='word_1_246' title='bbox 1177 2610 1229 2671; x_wconf 88' lang='lat' dir='ltr'>vei</span> <span class='ocrx_word' id='word_1_247' title='bbox 1253 2628 1332 2673; x_wconf 83' lang='lat' dir='ltr'>sae-</span> 
     </span>
     <span class='ocr_line' id='line_1_29' title="bbox 84 2691 1329 2777; baseline 0.001 -20"><span class='ocrx_word' id='word_1_248' title='bbox 84 2714 155 2757; x_wconf 86' lang='lat' dir='ltr'>vum</span> <span class='ocrx_word' id='word_1_249' title='bbox 178 2693 327 2755; x_wconf 87' lang='lat' dir='ltr'>denotare</span> <span class='ocrx_word' id='word_1_250' title='bbox 348 2697 459 2774; x_wconf 90' lang='lat' dir='ltr'>potest.</span> <span class='ocrx_word' id='word_1_251' title='bbox 505 2691 660 2756; x_wconf 85' lang='lat' dir='ltr'>Certitudo</span> <span class='ocrx_word' id='word_1_252' title='bbox 693 2698 805 2768; x_wconf 88' lang='lat' dir='ltr'>autem,</span> <span class='ocrx_word' id='word_1_253' title='bbox 838 2711 917 2774; x_wconf 90' lang='lat' dir='ltr'>quae</span> <span class='ocrx_word' id='word_1_254' title='bbox 940 2693 1045 2755; x_wconf 91' lang='lat' dir='ltr'>harum</span> <span class='ocrx_word' id='word_1_255' title='bbox 1069 2693 1329 2777; x_wconf 84' lang='lat' dir='ltr'>significationum</span> 
     </span>
     <span class='ocr_line' id='line_1_30' title="bbox 84 2777 1330 2858; baseline 0.002 -16"><span class='ocrx_word' id='word_1_256' title='bbox 84 2781 155 2842; x_wconf 86' lang='lat' dir='ltr'>voci</span> <span class='ocrx_word' id='word_1_257' title='bbox 176 2779 247 2842; x_wconf 90' lang='lat' dir='ltr'>huic</span> <span class='ocrx_word' id='word_1_258' title='bbox 282 2778 446 2841; x_wconf 85' lang='lat' dir='ltr'>conveniat</span> <span class='ocrx_word' id='word_1_259' title='bbox 474 2777 535 2840; x_wconf 92' lang='lat' dir='ltr'>hoc</span> <span class='ocrx_word' id='word_1_260' title='bbox 566 2781 616 2843; x_wconf 89' lang='lat' dir='ltr'>vel</span> <span class='ocrx_word' id='word_1_261' title='bbox 651 2777 704 2840; x_wconf 93' lang='lat' dir='ltr'>illo</span> <span class='ocrx_word' id='word_1_262' title='bbox 727 2780 759 2840; x_wconf 89' lang='lat' dir='ltr'>in</span> <span class='ocrx_word' id='word_1_263' title='bbox 781 2778 863 2856; x_wconf 89' lang='lat' dir='ltr'>loco,</span> <span class='ocrx_word' id='word_1_264' title='bbox 888 2787 949 2841; x_wconf 93' lang='lat' dir='ltr'>tum</span> <span class='ocrx_word' id='word_1_265' title='bbox 975 2787 1089 2841; x_wconf 90' lang='lat' dir='ltr'>tantum</span> <span class='ocrx_word' id='word_1_266' title='bbox 1113 2779 1211 2858; x_wconf 90' lang='lat' dir='ltr'>adest,</span> <span class='ocrx_word' id='word_1_267' title='bbox 1235 2783 1265 2844; x_wconf 89' lang='lat' dir='ltr'>si</span> <span class='ocrx_word' id='word_1_268' title='bbox 1288 2800 1330 2845; x_wconf 84' lang='lat' dir='ltr'>ex</span> 
     </span>
     <span class='ocr_line' id='line_1_31' title="bbox 86 2864 1331 2946; baseline 0.001 -18"><span class='ocrx_word' id='word_1_269' title='bbox 86 2885 144 2928; x_wconf 92' lang='lat' dir='ltr'>usu</span> <span class='ocrx_word' id='word_1_270' title='bbox 166 2864 313 2945; x_wconf 88' lang='lat' dir='ltr'>loquendi</span> <span class='ocrx_word' id='word_1_271' title='bbox 338 2868 468 2940; x_wconf 89' lang='lat' dir='ltr'>constat,</span> <span class='ocrx_word' id='word_1_272' title='bbox 492 2882 550 2944; x_wconf 88' lang='lat' dir='ltr'>qua</span> <span class='ocrx_word' id='word_1_273' title='bbox 575 2883 614 2928; x_wconf 87' lang='lat' dir='ltr'>ex</span> <span class='ocrx_word' id='word_1_274' title='bbox 636 2871 723 2944; x_wconf 90' lang='lat' dir='ltr'>parte</span> <span class='ocrx_word' id='word_1_275' title='bbox 744 2865 877 2946; x_wconf 86' lang='lat' dir='ltr'>loquens</span> <span class='ocrx_word' id='word_1_276' title='bbox 901 2866 1128 2929; x_wconf 89' lang='lat' dir='ltr'>similitudinem</span> <span class='ocrx_word' id='word_1_277' title='bbox 1150 2865 1233 2928; x_wconf 89' lang='lat' dir='ltr'>iilam</span> <span class='ocrx_word' id='word_1_278' title='bbox 1255 2868 1331 2930; x_wconf 91' lang='lat' dir='ltr'>leo·</span> 
     </span>
     <span class='ocr_line' id='line_1_32' title="bbox 85 2951 1331 3030; baseline 0.002 -17"><span class='ocrx_word' id='word_1_279' title='bbox 85 2953 132 3014; x_wconf 91' lang='lat' dir='ltr'>nis</span> <span class='ocrx_word' id='word_1_280' title='bbox 156 2971 224 3013; x_wconf 89' lang='lat' dir='ltr'>cum</span> <span class='ocrx_word' id='word_1_281' title='bbox 247 2952 369 3013; x_wconf 90' lang='lat' dir='ltr'>homine</span> <span class='ocrx_word' id='word_1_282' title='bbox 393 2955 536 3030; x_wconf 89' lang='lat' dir='ltr'>spectare</span> <span class='ocrx_word' id='word_1_283' title='bbox 559 2953 755 3012; x_wconf 89' lang='lat' dir='ltr'>consueverit</span> <span class='ocrx_word' id='word_1_284' title='bbox 763 2972 772 3026; x_wconf 91' lang='lat'>;</span> <span class='ocrx_word' id='word_1_285' title='bbox 796 2969 865 3011; x_wconf 88' lang='lat' dir='ltr'>nam</span> <span class='ocrx_word' id='word_1_286' title='bbox 888 2952 1005 3014; x_wconf 90' lang='lat' dir='ltr'>etiamsi</span> <span class='ocrx_word' id='word_1_287' title='bbox 1028 2970 1135 3015; x_wconf 90' lang='lat' dir='ltr'>omnes</span> <span class='ocrx_word' id='word_1_288' title='bbox 1157 2951 1214 3014; x_wconf 87' lang='lat' dir='ltr'>has</span> <span class='ocrx_word' id='word_1_289' title='bbox 1238 2954 1331 3015; x_wconf 87' lang='lat' dir='ltr'>sirni-</span> 
     </span>
     <span class='ocr_line' id='line_1_33' title="bbox 86 3035 1333 3120; baseline 0.002 -20"><span class='ocrx_word' id='word_1_290' title='bbox 86 3038 230 3119; x_wconf 88' lang='lat' dir='ltr'>litudines</span> <span class='ocrx_word' id='word_1_291' title='bbox 253 3038 393 3120; x_wconf 78' lang='lat' dir='ltr'>cognitas</span> <span class='ocrx_word' id='word_1_292' title='bbox 416 3035 531 3098; x_wconf 90' lang='lat' dir='ltr'>habere</span> <span class='ocrx_word' id='word_1_293' title='bbox 554 3043 606 3098; x_wconf 89' lang='lat' dir='ltr'>aut</span> <span class='ocrx_word' id='word_1_294' title='bbox 624 3042 765 3116; x_wconf 90' lang='lat' dir='ltr'>spectare</span> <span class='ocrx_word' id='word_1_295' title='bbox 788 3038 949 3117; x_wconf 87' lang='lat' dir='ltr'>potuisset,</span> <span class='ocrx_word' id='word_1_296' title='bbox 972 3056 1025 3100; x_wconf 91' lang='lat' dir='ltr'>eas</span> <span class='ocrx_word' id='word_1_297' title='bbox 1049 3044 1150 3100; x_wconf 89' lang='lat' dir='ltr'>tamen</span> <span class='ocrx_word' id='word_1_298' title='bbox 1172 3056 1236 3101; x_wconf 92' lang='lat' dir='ltr'>non</span> <span class='ocrx_word' id='word_1_299' title='bbox 1256 3057 1333 3102; x_wconf 88' lang='lat' dir='ltr'>om-</span> 
     </span>
     <span class='ocr_line' id='line_1_34' title="bbox 85 3122 1329 3206; baseline 0 -21"><span class='ocrx_word' id='word_1_300' title='bbox 85 3143 141 3187; x_wconf 93' lang='lat' dir='ltr'>nes</span> <span class='ocrx_word' id='word_1_301' title='bbox 165 3124 305 3206; x_wconf 80' lang='lat' dir='ltr'>cognitas</span> <span class='ocrx_word' id='word_1_302' title='bbox 328 3122 443 3185; x_wconf 90' lang='lat' dir='ltr'>habere</span> <span class='ocrx_word' id='word_1_303' title='bbox 467 3127 518 3182; x_wconf 91' lang='lat' dir='ltr'>aut</span> <span class='ocrx_word' id='word_1_304' title='bbox 540 3126 681 3196; x_wconf 86' lang='lat' dir='ltr'>spectare</span> <span class='ocrx_word' id='word_1_305' title='bbox 706 3122 818 3184; x_wconf 90' lang='lat' dir='ltr'>debuit.</span> <span class='ocrx_word' id='word_1_306' title='bbox 862 3123 1058 3203; x_wconf 76' lang='lat' dir='ltr'>Etpmotopia</span> <span class='ocrx_word' id='word_1_307' title='bbox 1079 3141 1242 3202; x_wconf 82' lang='lat' dir='ltr'>erponan</span> <span class='ocrx_word' id='word_1_308' title='bbox 1266 3127 1329 3187; x_wconf 86' lang='lat' dir='ltr'>do·</span> 
     </span>
     <span class='ocr_line' id='line_1_35' title="bbox 84 3209 1332 3290; baseline 0.001 -18"><span class='ocrx_word' id='word_1_309' title='bbox 84 3220 141 3288; x_wconf 87' lang='lat' dir='ltr'>oet,</span> <span class='ocrx_word' id='word_1_310' title='bbox 166 3228 245 3290; x_wconf 84' lang='lat' dir='ltr'>quae</span> <span class='ocrx_word' id='word_1_311' title='bbox 279 3212 350 3271; x_wconf 84' lang='lat' dir='ltr'>coci</span> <span class='ocrx_word' id='word_1_312' title='bbox 381 3209 479 3269; x_wconf 89' lang='lat' dir='ltr'>alicui</span> <span class='ocrx_word' id='word_1_313' title='bbox 510 3210 700 3286; x_wconf 76' lang='lat' dir='ltr'>sipnificatio</span> <span class='ocrx_word' id='word_1_314' title='bbox 734 3219 797 3270; x_wconf 90' lang='lat' dir='ltr'>tum</span> <span class='ocrx_word' id='word_1_315' title='bbox 826 3211 1024 3287; x_wconf 82' lang='lat' dir='ltr'>primipenia,</span> <span class='ocrx_word' id='word_1_316' title='bbox 1047 3219 1110 3271; x_wconf 90' lang='lat' dir='ltr'>tum</span> <span class='ocrx_word' id='word_1_317' title='bbox 1131 3211 1332 3273; x_wconf 84' lang='lat' dir='ltr'>secundaria</span> 
     </span>
     <span class='ocr_line' id='line_1_36' title="bbox 84 3294 1330 3375; baseline 0 -18"><span class='ocrx_word' id='word_1_318' title='bbox 84 3315 198 3358; x_wconf 81' lang='lat' dir='ltr'>reuera</span> <span class='ocrx_word' id='word_1_319' title='bbox 220 3297 406 3366; x_wconf 59' lang='lat' dir='ltr'>conveniam</span> <span class='ocrx_word' id='word_1_320' title='bbox 416 3294 475 3354; x_wconf 90' lang='lat' dir='ltr'>sed</span> <span class='ocrx_word' id='word_1_321' title='bbox 487 3301 607 3354; x_wconf 87' lang='lat' dir='ltr'>tantum</span> <span class='ocrx_word' id='word_1_322' title='bbox 622 3294 812 3372; x_wconf 75' lang='lat' dir='ltr'>enanisestat,</span> <span class='ocrx_word' id='word_1_323' title='bbox 830 3313 912 3373; x_wconf 82' lang='lat' dir='ltr'>quae</span> <span class='ocrx_word' id='word_1_324' title='bbox 930 3297 960 3355; x_wconf 87' lang='lat' dir='ltr'>ei</span> <span class='ocrx_word' id='word_1_325' title='bbox 973 3296 1140 3356; x_wconf 79' lang='lat' dir='ltr'>convenire</span> <span class='ocrx_word' id='word_1_326' title='bbox 1152 3298 1269 3375; x_wconf 88' lang='lat' dir='ltr'>possit.</span> <span class='ocrx_word' id='word_1_327' title='bbox 1292 3296 1330 3357; x_wconf 84' lang='lat' dir='ltr'>st</span> 
     </span>
     <span class='ocr_line' id='line_1_37' title="bbox 82 3378 1328 3461; baseline 0 -18"><span class='ocrx_word' id='word_1_328' title='bbox 82 3400 158 3443; x_wconf 85' lang='lat' dir='ltr'>cero</span> <span class='ocrx_word' id='word_1_329' title='bbox 188 3381 290 3441; x_wconf 88' lang='lat' dir='ltr'>solum</span> <span class='ocrx_word' id='word_1_330' title='bbox 308 3378 494 3461; x_wconf 87' lang='lat' dir='ltr'>possibilem</span> <span class='ocrx_word' id='word_1_331' title='bbox 527 3381 786 3458; x_wconf 61' lang='lat' dir='ltr'>significationem</span> <span class='ocrx_word' id='word_1_332' title='bbox 816 3381 938 3458; x_wconf 89' lang='lat' dir='ltr'>pandit,</span> <span class='ocrx_word' id='word_1_333' title='bbox 961 3400 1052 3441; x_wconf 91' lang='lat' dir='ltr'>usum</span> <span class='ocrx_word' id='word_1_334' title='bbox 1074 3382 1144 3459; x_wconf 85' lang='lat' dir='ltr'>ejus</span> <span class='ocrx_word' id='word_1_335' title='bbox 1167 3401 1232 3443; x_wconf 88' lang='lat' dir='ltr'>non</span> <span class='ocrx_word' id='word_1_336' title='bbox 1255 3401 1328 3443; x_wconf 88' lang='lat' dir='ltr'>esse</span> 
     </span>
     <span class='ocr_line' id='line_1_38' title="bbox 83 3465 1329 3544; baseline 0.001 -16"><span class='ocrx_word' id='word_1_337' title='bbox 83 3469 148 3528; x_wconf 87' lang='lat' dir='ltr'>nisi</span> <span class='ocrx_word' id='word_1_338' title='bbox 171 3465 407 3534; x_wconf 87' lang='lat' dir='ltr'>subsidiarium,</span> <span class='ocrx_word' id='word_1_339' title='bbox 430 3472 540 3544; x_wconf 88' lang='lat' dir='ltr'>sponte</span> <span class='ocrx_word' id='word_1_340' title='bbox 563 3469 770 3544; x_wconf 81' lang='lat' dir='ltr'>consequitur.</span> <span class='ocrx_word' id='word_1_341' title='bbox 814 3465 1025 3527; x_wconf 75' lang='lat' dir='ltr'>Nihilominus</span> <span class='ocrx_word' id='word_1_342' title='bbox 1054 3476 1165 3528; x_wconf 85' lang='lat' dir='ltr'>tamem</span> <span class='ocrx_word' id='word_1_343' title='bbox 1187 3469 1329 3530; x_wconf 85' lang='lat' dir='ltr'>studium</span> 
     </span>
     <span class='ocr_line' id='line_1_39' title="bbox 83 3545 1330 3631; baseline 0 -17"><span class='ocrx_word' id='word_1_344' title='bbox 83 3554 154 3631; x_wconf 83' lang='lat' dir='ltr'>ejus</span> <span class='ocrx_word' id='word_1_345' title='bbox 185 3545 294 3612; x_wconf 83' lang='lat' dir='ltr'>merito</span> <span class='ocrx_word' id='word_1_346' title='bbox 327 3550 563 3613; x_wconf 86' lang='lat' dir='ltr'>commendatur</span> <span class='ocrx_word' id='word_1_347' title='bbox 597 3559 661 3612; x_wconf 87' lang='lat' dir='ltr'>tum</span> <span class='ocrx_word' id='word_1_348' title='bbox 683 3551 722 3612; x_wconf 92' lang='lat' dir='ltr'>ob</span> <span class='ocrx_word' id='word_1_349' title='bbox 745 3554 847 3630; x_wconf 88' lang='lat' dir='ltr'>ipsam</span> <span class='ocrx_word' id='word_1_350' title='bbox 868 3551 950 3611; x_wconf 88' lang='lat' dir='ltr'>bunc</span> <span class='ocrx_word' id='word_1_351' title='bbox 971 3570 1062 3612; x_wconf 88' lang='lat' dir='ltr'>usum</span> <span class='ocrx_word' id='word_1_352' title='bbox 1084 3552 1330 3629; x_wconf 87' lang='lat' dir='ltr'>subsidiarium,</span> 
     </span>
     <span class='ocr_line' id='line_1_40' title="bbox 83 3637 1330 3716; baseline 0 -15"><span class='ocrx_word' id='word_1_353' title='bbox 83 3649 151 3701; x_wconf 90' lang='lat' dir='ltr'>tum</span> <span class='ocrx_word' id='word_1_354' title='bbox 174 3646 205 3698; x_wconf 91' lang='lat' dir='ltr'>et</span> <span class='ocrx_word' id='word_1_355' title='bbox 222 3639 392 3715; x_wconf 89' lang='lat' dir='ltr'>praecipue</span> <span class='ocrx_word' id='word_1_356' title='bbox 415 3637 539 3716; x_wconf 82' lang='lat' dir='ltr'>quidem</span> <span class='ocrx_word' id='word_1_357' title='bbox 566 3637 646 3713; x_wconf 88' lang='lat' dir='ltr'>ideo,</span> <span class='ocrx_word' id='word_1_358' title='bbox 677 3638 760 3716; x_wconf 82' lang='lat' dir='ltr'>qaod</span> <span class='ocrx_word' id='word_1_359' title='bbox 788 3638 940 3714; x_wconf 74' lang='lat' dir='ltr'>insipiam</span> <span class='ocrx_word' id='word_1_360' title='bbox 963 3655 1051 3716; x_wconf 89' lang='lat' dir='ltr'>opem</span> <span class='ocrx_word' id='word_1_361' title='bbox 1071 3637 1135 3716; x_wconf 78' lang='lat' dir='ltr'>fert</span> <span class='ocrx_word' id='word_1_362' title='bbox 1156 3643 1330 3701; x_wconf 81' lang='lat' dir='ltr'>raemoriae</span> 
     </span>
     <span class='ocr_line' id='line_1_41' title="bbox 82 3721 1332 3802; baseline -0.001 -16"><span class='ocrx_word' id='word_1_363' title='bbox 82 3727 118 3786; x_wconf 88' lang='lat' dir='ltr'>in</span> <span class='ocrx_word' id='word_1_364' title='bbox 139 3722 313 3785; x_wconf 85' lang='lat' dir='ltr'>retinendis</span> <span class='ocrx_word' id='word_1_365' title='bbox 335 3721 628 3801; x_wconf 74' lang='lat' dir='ltr'>siqnifieationibas,</span> <span class='ocrx_word' id='word_1_366' title='bbox 651 3741 729 3802; x_wconf 82' lang='lat' dir='ltr'>quae</span> <span class='ocrx_word' id='word_1_367' title='bbox 743 3721 951 3784; x_wconf 84' lang='lat' dir='ltr'>vocabulisai</span> <span class='ocrx_word' id='word_1_368' title='bbox 973 3741 1051 3783; x_wconf 86' lang='lat' dir='ltr'>osas</span> <span class='ocrx_word' id='word_1_369' title='bbox 1075 3723 1223 3802; x_wconf 82' lang='lat' dir='ltr'>loquendi</span> <span class='ocrx_word' id='word_1_370' title='bbox 1246 3744 1332 3786; x_wconf 89' lang='lat' dir='ltr'>eon-</span> 
     </span>
     <span class='ocr_line' id='line_1_42' title="bbox 83 3805 1332 3892; baseline -0.001 -19"><span class='ocrx_word' id='word_1_371' title='bbox 83 3811 233 3880; x_wconf 85' lang='lat' dir='ltr'>ceuiunt;</span> <span class='ocrx_word' id='word_1_372' title='bbox 264 3807 411 3869; x_wconf 89' lang='lat' dir='ltr'>memoria</span> <span class='ocrx_word' id='word_1_373' title='bbox 446 3807 526 3867; x_wconf 91' lang='lat' dir='ltr'>enim</span> <span class='ocrx_word' id='word_1_374' title='bbox 557 3825 616 3887; x_wconf 89' lang='lat' dir='ltr'>ope</span> <span class='ocrx_word' id='word_1_375' title='bbox 646 3808 856 3888; x_wconf 81' lang='lat' dir='ltr'>etymologiae</span> <span class='ocrx_word' id='word_1_376' title='bbox 886 3805 1008 3883; x_wconf 88' lang='lat' dir='ltr'>multos,</span> <span class='ocrx_word' id='word_1_377' title='bbox 1039 3825 1101 3869; x_wconf 92' lang='lat' dir='ltr'>non</span> <span class='ocrx_word' id='word_1_378' title='bbox 1134 3826 1206 3869; x_wconf 88' lang='lat' dir='ltr'>raro</span> <span class='ocrx_word' id='word_1_379' title='bbox 1230 3808 1332 3892; x_wconf 85' lang='lat' dir='ltr'>longe</span> 
     </span>
     <span class='ocr_line' id='line_1_43' title="bbox 82 3890 1331 3978; baseline -0.001 -21"><span class='ocrx_word' id='word_1_380' title='bbox 82 3896 281 3978; x_wconf 84' lang='lat' dir='ltr'>divergentes</span> <span class='ocrx_word' id='word_1_381' title='bbox 304 3893 394 3954; x_wconf 91' lang='lat' dir='ltr'>unius</span> <span class='ocrx_word' id='word_1_382' title='bbox 416 3892 503 3952; x_wconf 85' lang='lat' dir='ltr'>vocis</span> <span class='ocrx_word' id='word_1_383' title='bbox 527 3893 669 3955; x_wconf 88' lang='lat' dir='ltr'>notiones</span> <span class='ocrx_word' id='word_1_384' title='bbox 702 3891 822 3953; x_wconf 89' lang='lat' dir='ltr'>iacilius</span> <span class='ocrx_word' id='word_1_385' title='bbox 852 3890 974 3968; x_wconf 88' lang='lat' dir='ltr'>retinet,</span> <span class='ocrx_word' id='word_1_386' title='bbox 1009 3891 1079 3954; x_wconf 90' lang='lat' dir='ltr'>dum</span> <span class='ocrx_word' id='word_1_387' title='bbox 1108 3894 1139 3954; x_wconf 90' lang='lat' dir='ltr'>in</span> <span class='ocrx_word' id='word_1_388' title='bbox 1162 3894 1331 3974; x_wconf 84' lang='lat' dir='ltr'>significa-</span> 
     </span>
     <span class='ocr_line' id='line_1_44' title="bbox 82 3976 1334 4063; baseline -0.001 -19"><span class='ocrx_word' id='word_1_389' title='bbox 82 3983 166 4055; x_wconf 79' lang='lat' dir='ltr'>tione</span> <span class='ocrx_word' id='word_1_390' title='bbox 188 3979 285 4063; x_wconf 91' lang='lat' dir='ltr'>prima</span> <span class='ocrx_word' id='word_1_391' title='bbox 308 3979 395 4060; x_wconf 93' lang='lat' dir='ltr'>quasi</span> <span class='ocrx_word' id='word_1_392' title='bbox 418 3977 534 4038; x_wconf 87' lang='lat' dir='ltr'>firmum</span> <span class='ocrx_word' id='word_1_393' title='bbox 556 3977 649 4040; x_wconf 90' lang='lat' dir='ltr'>habet</span> <span class='ocrx_word' id='word_1_394' title='bbox 669 3983 823 4060; x_wconf 90' lang='lat' dir='ltr'>punctum,</span> <span class='ocrx_word' id='word_1_395' title='bbox 841 3976 890 4039; x_wconf 91' lang='lat' dir='ltr'>cui</span> <span class='ocrx_word' id='word_1_396' title='bbox 902 3977 1037 4056; x_wconf 83' lang='lat' dir='ltr'>reliquas</span> <span class='ocrx_word' id='word_1_397' title='bbox 1056 3980 1199 4041; x_wconf 89' lang='lat' dir='ltr'>notiones</span> <span class='ocrx_word' id='word_1_398' title='bbox 1225 3980 1334 4043; x_wconf 90' lang='lat' dir='ltr'>adne-</span> 
     </span>
     <span class='ocr_line' id='line_1_45' title="bbox 81 4066 282 4142; baseline -0.02 -12"><span class='ocrx_word' id='word_1_399' title='bbox 81 4074 168 4130; x_wconf 88' lang='lat' dir='ltr'>ctere</span> <span class='ocrx_word' id='word_1_400' title='bbox 190 4066 282 4142; x_wconf 86' lang='lat' dir='ltr'>valet,</span> 
     </span>
    </p>

    <p class='ocr_par' dir='ltr' id='par_1_5' title="bbox 81 4149 1332 4571">
     <span class='ocr_line' id='line_1_46' title="bbox 167 4149 1332 4232; baseline -0.002 -17"><span class='ocrx_word' id='word_1_401' title='bbox 167 4154 274 4232; x_wconf 85' lang='lat' dir='ltr'>Neque</span> <span class='ocrx_word' id='word_1_402' title='bbox 308 4151 459 4230; x_wconf 78' lang='lat' dir='ltr'>anatopiu</span> <span class='ocrx_word' id='word_1_403' title='bbox 491 4159 609 4210; x_wconf 85' lang='lat' dir='ltr'>certam</span> <span class='ocrx_word' id='word_1_404' title='bbox 635 4149 766 4228; x_wconf 85' lang='lat' dir='ltr'>praebet</span> <span class='ocrx_word' id='word_1_405' title='bbox 794 4151 1059 4229; x_wconf 77' lang='lat' dir='ltr'>sipnificationum</span> <span class='ocrx_word' id='word_1_406' title='bbox 1094 4152 1309 4229; x_wconf 76' lang='lat' dir='ltr'>capnitiouem</span> <span class='ocrx_word' id='word_1_407' title='bbox 1318 4175 1332 4227; x_wconf 85' lang='lat'>,·</span> 
     </span>
     <span class='ocr_line' id='line_1_47' title="bbox 82 4235 1332 4316; baseline -0.001 -16"><span class='ocrx_word' id='word_1_408' title='bbox 82 4241 143 4301; x_wconf 85' lang='lat' dir='ltr'>etsi</span> <span class='ocrx_word' id='word_1_409' title='bbox 165 4242 247 4301; x_wconf 89' lang='lat' dir='ltr'>enim</span> <span class='ocrx_word' id='word_1_410' title='bbox 278 4241 382 4312; x_wconf 77' lang='lat' dir='ltr'>major</span> <span class='ocrx_word' id='word_1_411' title='bbox 414 4253 564 4297; x_wconf 83' lang='lat' dir='ltr'>nurneros</span> <span class='ocrx_word' id='word_1_412' title='bbox 583 4236 759 4313; x_wconf 79' lang='lat' dir='ltr'>formarum</span> <span class='ocrx_word' id='word_1_413' title='bbox 799 4253 838 4296; x_wconf 88' lang='lat' dir='ltr'>nc</span> <span class='ocrx_word' id='word_1_414' title='bbox 857 4235 1077 4313; x_wconf 80' lang='lat' dir='ltr'>formularum,</span> <span class='ocrx_word' id='word_1_415' title='bbox 1100 4238 1210 4298; x_wconf 83' lang='lat' dir='ltr'>eddom</span> <span class='ocrx_word' id='word_1_416' title='bbox 1232 4249 1332 4316; x_wconf 89' lang='lat' dir='ltr'>pote-</span> 
     </span>
     <span class='ocr_line' id='line_1_48' title="bbox 81 4317 1332 4403; baseline -0.002 -17"><span class='ocrx_word' id='word_1_417' title='bbox 81 4334 161 4387; x_wconf 87' lang='lat' dir='ltr'>state</span> <span class='ocrx_word' id='word_1_418' title='bbox 184 4323 394 4403; x_wconf 79' lang='lat' dir='ltr'>puudentinm,</span> <span class='ocrx_word' id='word_1_419' title='bbox 417 4324 512 4383; x_wconf 86' lang='lat' dir='ltr'>simili</span> <span class='ocrx_word' id='word_1_420' title='bbox 530 4321 653 4400; x_wconf 82' lang='lat' dir='ltr'>formae</span> <span class='ocrx_word' id='word_1_421' title='bbox 677 4328 707 4380; x_wconf 94' lang='lat' dir='ltr'>et</span> <span class='ocrx_word' id='word_1_422' title='bbox 724 4317 881 4396; x_wconf 80' lang='lat' dir='ltr'>formulae</span> <span class='ocrx_word' id='word_1_423' title='bbox 904 4323 1166 4400; x_wconf 73' lang='lat' dir='ltr'>siqnificutionem</span> <span class='ocrx_word' id='word_1_424' title='bbox 1188 4324 1332 4385; x_wconf 87' lang='lat' dir='ltr'>similem</span> 
     </span>
     <span class='ocr_line' id='line_1_49' title="bbox 82 4403 1330 4490; baseline -0.002 -18"><span class='ocrx_word' id='word_1_425' title='bbox 82 4410 212 4472; x_wconf 83' lang='lat' dir='ltr'>subesse</span> <span class='ocrx_word' id='word_1_426' title='bbox 231 4408 396 4489; x_wconf 84' lang='lat' dir='ltr'>probabile</span> <span class='ocrx_word' id='word_1_427' title='bbox 420 4409 552 4469; x_wconf 85' lang='lat' dir='ltr'>reddat:</span> <span class='ocrx_word' id='word_1_428' title='bbox 574 4403 728 4465; x_wconf 87' lang='lat' dir='ltr'>certitudo</span> <span class='ocrx_word' id='word_1_429' title='bbox 747 4413 850 4465; x_wconf 86' lang='lat' dir='ltr'>tamen</span> <span class='ocrx_word' id='word_1_430' title='bbox 872 4407 968 4470; x_wconf 87' lang='lat' dir='ltr'>deest.</span> <span class='ocrx_word' id='word_1_431' title='bbox 1013 4407 1063 4471; x_wconf 88' lang='lat' dir='ltr'>Sic</span> <span class='ocrx_word' id='word_1_432' title='bbox 1086 4428 1114 4469; x_wconf 89' lang='lat' dir='ltr'>v.</span> <span class='ocrx_word' id='word_1_433' title='bbox 1138 4426 1169 4489; x_wconf 83' lang='lat' dir='ltr'>g.</span> <span class='ocrx_word' id='word_1_434' title='bbox 1193 4427 1330 4490; x_wconf 82' lang='lat' dir='ltr'>magnus</span> 
     </span>
     <span class='ocr_line' id='line_1_50' title="bbox 85 4485 1332 4571; baseline 0 -15"><span class='ocrx_word' id='word_1_435' title='bbox 85 4502 133 4557; x_wconf 88' lang='lat' dir='ltr'>est</span> <span class='ocrx_word' id='word_1_436' title='bbox 156 4513 300 4557; x_wconf 89' lang='lat' dir='ltr'>numerus</span> <span class='ocrx_word' id='word_1_437' title='bbox 324 4496 487 4555; x_wconf 78' lang='lat' dir='ltr'>sorborum</span> <span class='ocrx_word' id='word_1_438' title='bbox 510 4507 692 4571; x_wconf 79' lang='lat' dir='ltr'>graecorum</span> <span class='ocrx_word' id='word_1_439' title='bbox 717 4485 842 4551; x_wconf 88' lang='lat' dir='ltr'>iormam</span> <span class='ocrx_word' id='word_1_440' title='bbox 868 4513 922 4568; x_wconf 84' lang='grc' dir='ltr'>μαι</span> <span class='ocrx_word' id='word_1_441' title='bbox 955 4491 1139 4571; x_wconf 88' lang='lat' dir='ltr'>habentium,</span> <span class='ocrx_word' id='word_1_442' title='bbox 1164 4499 1196 4555; x_wconf 89' lang='lat' dir='ltr'>et</span> <span class='ocrx_word' id='word_1_443' title='bbox 1219 4496 1332 4557; x_wconf 92' lang='lat' dir='ltr'>uotio-</span> 
     </span>
    </p>
   </div>
   <div class='ocr_carea' id='block_1_3' title="bbox 0 0 1422 4896">
    <p class='ocr_par' dir='ltr' id='par_1_6' title="bbox 0 0 1422 4896">
     <span class='ocr_line' id='line_1_51' title="bbox 0 0 1422 4896; baseline 0 4"><span class='ocrx_word' id='word_1_444' title='bbox 0 0 1422 4896; x_wconf 95' lang='lat' dir='ltr'> </span> 
     </span>
    </p>
   </div>
  </div>
 </body>
</html>
