2834 4896
126 185 192 253 214

205 362 238 437 r)
261 356 307 420 Ne
327 357 585 437 interpretatione
606 358 742 439 mpcdcn
763 358 861 421 tentui
875 374 972 420 sacro
991 359 1043 421 oin
1055 359 1358 440 interatumetnna·

122 443 207 525 loqia
229 445 312 506 inter
334 444 480 506 diuersae
502 453 630 507 eventus
653 464 692 509 ac
714 446 865 507 ueritates
886 463 903 507 e
926 445 1095 525 lonqinquo
1114 453 1264 526 potatum·
1292 461 1359 505 uum

121 535 153 593 et
175 528 235 592 hoc
259 536 408 610 respectu
431 536 499 608 „est
520 531 629 593 modus
652 531 683 591 in
704 529 809 604 rebus,
832 534 903 593 sunt
926 531 1003 594 certi
1025 531 1159 612 denique
1181 531 1361 610 insequor

119 615 198 679 ultra
222 615 362 695 citraque
385 617 491 696 nequit
514 616 686 678 consistere
708 618 845 678 verum.“

208 703 241 776 d)
261 700 309 764 Ne
332 720 447 765 sensus
468 704 619 782 mysticae
641 702 683 764 alo
704 704 775 782 ipro
797 711 927 764 auctare
948 718 1045 765 raero
1066 703 1119 765 oei
1147 720 1170 765 a
1190 701 1318 782 Spiritu
1337 719 1361 762 e.

120 796 206 850 certo
228 788 366 850 intentae
390 806 459 849 ecce
478 789 725 867 praetendatur,
756 797 897 851 autnon
926 788 1029 850 solum
1051 789 1095 850 ad
1116 789 1364 851 ituraeam

120 873 275 939 &erorum
296 874 349 936 oel
370 874 414 935 ad
434 874 683 952 aedificationem
705 876 867 952 marcum,
889 874 947 935 red
968 877 1062 938 etiam
1084 875 1128 937 ad
1147 873 1361 954 comproban-

119 958 179 1023 dae
202 961 350 1022 remeatur
370 961 538 1038 relipionir
556 960 763 1033 adtilemum
787 978 857 1021 nrm
880 976 992 1022 sensus
1014 961 1161 1041 mysticos
1197 977 1244 1022 eo·
1262 958 1365 1021 didon

120 1058 255 1108 asenso
277 1046 379 1127 typico
402 1052 434 1107 et
456 1045 642 1126 symbolica,
666 1045 748 1126 quod
772 1045 821 1108 hic
844 1047 1024 1109 uucmritate
1045 1046 1132 1124 lesu,
1143 1044 1362 1127 Apostolorum

119 1136 151 1199 cl
173 1146 215 1193 ss.
240 1132 360 1194 Petrum
383 1133 643 1195 consentientium
665 1133 766 1195 nitens
790 1133 944 1213 objectiva
967 1138 1070 1195 certus
1092 1137 1161 1210 est,
1195 1132 1272 1194 dum
1304 1129 1363 1206 ille,

120 1223 154 1280 ut
176 1218 279 1281 verbis
301 1225 421 1280 utamur
442 1236 467 1281 s.
491 1219 654 1302 Augustini
666 1215 722 1294 ³⁸),
759 1225 829 1297 „est
861 1218 1044 1298 conjectura
1061 1219 1172 1280 mentis
1202 1217 1364 1294 humanae,

121 1321 201 1385 quae
224 1303 387 1384 aliquando
410 1304 576 1366 adrerum
599 1305 748 1385 pervenit,
772 1303 936 1384 aliquando
960 1303 1101 1366 fallitur.“
1238 1357 1241 1361 .

130 1403 134 1412 ·
205 1388 278 1452 Non
299 1392 404 1470 itaque
425 1409 562 1468 omnem,
597 1392 655 1453 ned
676 1393 867 1453 illimitatum
889 1397 921 1452 et
941 1391 1148 1453 arbitrariam
1168 1391 1364 1469 interpreta-

123 1475 222 1540 tionis
244 1477 396 1556 mysticae
417 1496 519 1553 usum,
542 1479 600 1538 ie.
622 1479 693 1555 ejus
714 1476 847 1538 abacum
868 1479 1046 1554 rejicimur,
1076 1477 1169 1557 idque
1193 1493 1233 1539 eo
1255 1476 1363 1554 napis,

126 1581 166 1625 ac
188 1564 341 1637 rationes,
374 1574 456 1644 quae
476 1565 603 1644 patroni
625 1564 715 1624 illius
733 1564 917 1642 proferunt,
939 1566 1104 1643 epecioeae
1123 1565 1256 1644 portus,
1278 1579 1364 1642 quan

124 1664 220 1709 cerae
242 1650 454 1718 inveniantur,
476 1658 572 1730 prout
591 1650 718 1730 patebit,
740 1652 770 1711 ei
792 1651 1012 1711 anaminantur

681 1859 711 1928 §-
735 1854 809 1921 122.

453 1962 613 2033 Argumenta
630 1980 723 2018 sensus
742 1967 843 2032 mystici
861 1974 1038 2033 patronorum.

211 2107 436 2189 Arpumentum
463 2108 490 2170 1.
534 2106 619 2171 Deus
642 2114 691 2171 est
713 2114 822 2171 auctor
843 2124 868 2171 s.
891 2106 1081 2190 scripturae,
1105 2108 1157 2190 qui
1180 2126 1239 2192 pro
1262 2115 1364 2172 nature

126 2210 182 2258 sua
212 2194 327 2256 infinita
361 2194 470 2255 virium
504 2192 701 2256 humanorum
732 2195 880 2277 angustiis
910 2195 1033 2257 minime
1066 2195 1364 2259 circumscribendos

127 2286 184 2343 est.
228 2279 325 2342 Homo
350 2279 490 2360 quidem,
512 2283 659 2364 temporis
683 2281 826 2343 limitibus
850 2280 1033 2360 adstrictus,
1067 2298 1135 2351 nau¹
1152 2282 1243 2363 plora
1266 2287 1363 2344 mente

126 2365 215 2430 droul
238 2365 399 2445 complecti
423 2372 454 2428 et
475 2366 605 2448 proinde
626 2386 687 2430 nec
710 2367 814 2448 eloqui
843 2373 963 2450 potest3
998 2372 1046 2429 ast
1075 2368 1107 2431 in
1128 2366 1198 2431 Deo
1222 2367 1365 2450 temporis

125 2452 235 2514 limites
259 2452 382 2515 obstare
404 2471 467 2515 non
490 2460 636 2535 possunt,
672 2455 834 2535 quominus
856 2454 942 2536 plura
973 2452 1062 2516 simol
1092 2462 1197 2518 mente
1219 2454 1364 2533 intendat,

126 2556 163 2602 ac
185 2538 313 2620 proinde
335 2538 509 2602 hominibus
530 2539 662 2621 laquens
696 2558 756 2603 unc
790 2540 961 2622 eodemque
985 2540 1077 2603 effato
1102 2546 1134 2603 et
1165 2540 1365 2605 liternlcmet

125 2625 296 2706 mysticum,
318 2625 380 2687 imo
403 2624 507 2706 plures
531 2627 622 2688 etiam
645 2633 676 2688 et
697 2633 743 2688 tot
764 2628 910 2707 mysticos
934 2628 1121 2708 spectaverit
1143 2644 1270 2707 sensns,
1295 2632 1365 2710 qoct

125 2712 207 2795 capit
227 2711 392 2774 verborum
413 2718 561 2792 potestas.
607 2711 723 2785 Quodsi
744 2730 820 2774 nere
845 2729 900 2775 ens
922 2713 1071 2775 inlinitum
1104 2712 1210 2794 plures
1245 2730 1364 2792 sensus,

126 2805 158 2863 et
179 2798 326 2878 mysticos
350 2797 472 2877 quidem
495 2798 526 2859 in
549 2798 655 2879 specie
678 2814 740 2859 uno
763 2797 936 2878 eodemque
965 2816 1073 2862 sacrae
1096 2799 1276 2882 scripturae
1299 2799 1364 2862 loca

128 2886 289 2965 spectavit,
301 2883 334 2944 in
356 2884 494 2966 ejusdem
515 2885 769 2966 interpretatione
792 2883 830 2945 ad
853 2902 973 2947 omnem
994 2885 1158 2948 verborum
1180 2893 1364 2968 potestatem

133 2969 361 3046 attendendum,
382 2971 403 3033 i.
426 2988 453 3032 c.
474 2971 719 3052 interpretationi
742 2970 850 3033 literali
874 2972 1003 3051 mystice
1025 2971 1221 3054 adjungenda
1246 2973 1314 3036 erit.

126 3056 130 3067 ’
212 3056 307 3135 lle-ep.
329 3061 463 3119 Sacram
484 3057 680 3138 Scripturam
702 3056 837 3137 Spiritui
860 3058 985 3135 diuino,
1009 3062 1074 3120 enti
1093 3059 1235 3137 infinita,
1259 3060 1296 3121 in
1315 3077 1368 3121 aa·

127 3144 226 3222 ceptio
247 3143 443 3221 referendam
466 3160 546 3220 esee,
566 3145 699 3221 firmiter
719 3144 843 3223 quidem
866 3153 1026 3218 tenemue;
1055 3143 1129 3206 inde
1150 3153 1258 3207 autem
1281 3144 1367 3225 sequi

126 3242 288 3309 nepamae,
310 3227 408 3290 Deam
427 3248 487 3310 per
509 3229 740 3308 nScripturam
762 3229 940 3291 dominibus
963 3231 1136 3310 loquentem
1157 3232 1288 3310 infinita
1309 3228 1365 3311 rud

126 3318 244 3378 natard
266 3333 379 3377 reuera
401 3332 471 3377 eree
491 3334 593 3386 unum,
617 3315 660 3393 id,
680 3316 765 3394 quod
785 3318 1014 3396 arpumentatio
1036 3317 1138 3379 allata
1158 3335 1224 3379 non
1245 3316 1366 3398 prolem,

126 3401 186 3464 red
206 3403 319 3463 vitiose
341 3421 362 3464 a
381 3419 478 3482 poene
501 3401 544 3462 ad
564 3420 633 3463 esse
657 3400 872 3463 concludendo
891 3420 1059 3482 perperam
1080 3404 1240 3482 supponit.
1282 3403 1365 3466 Can·

127 3488 261 3550 mariam
279 3487 606 3567 potiue'neqaentibuc
625 3488 801 3566 probatur:
823 3488 857 3564 a)
880 3486 976 3564 Deae,
999 3507 1056 3550 ene
1078 3489 1232 3567 infinitam
1257 3489 1366 3552 simal-

126 3590 186 3654 qae
209 3568 465 3652 benipniceimam
486 3571 998 3653 aceapientiseimum,epiiaaciam
1021 3574 1241 3655 conmunique
1254 3584 1364 3638 attem-

124 3676 242 3741 perare
272 3658 354 3720 nolet
381 3659 575 3720 omnimodae
606 3660 779 3721 conditioni
801 3659 977 3736 dominum,
1005 3661 1039 3721 in
1061 3676 1140 3740 quan
1162 3663 1252 3740 apit;
1287 3659 1366 3724 unde

122 3747 317 3825 jam,ipeum
339 3744 515 3807 dominibus
540 3746 713 3826 loquentem
724 3746 877 3806 humanae
899 3763 1020 3826 quoque
1042 3747 1156 3808 limites
1175 3749 1367 3826 respernitur,

128 3840 160 3894 et
181 3832 348 3894 numanum
370 3832 515 3910 loquendi
538 3833 661 3893 modam
686 3833 893 3908 observasse,
934 3833 1061 3894 omnino
1092 3835 1277 3912 suspicari,
1308 3837 1368 3897 ino

128 3926 195 3983 tuto
217 3918 345 3981 credere
367 3918 447 3981 licet.
492 3917 529 3993 b)
552 3917 639 3980 Deae
662 3914 880 3997 cuiaic'effato
901 3913 1012 3999 plures
1034 3935 1148 3980 sennua
1170 3918 1367 3999 subjicienda

128 4006 406 4085 sapientissimum,
429 4022 517 4084 quem
539 4007 659 4083 poenit,
682 4005 835 4079 ordinem,
857 4011 894 4065 ut
915 4004 1006 4065 domo
1029 4005 1067 4067 de
1090 4003 1252 4085 loquentis
1274 4000 1369 4067 renent

128 4099 236 4177 auertat
256 4090 452 4167 redderetur,
462 4092 530 4168 ipre
553 4090 715 4152 tardasset
726 4092 833 4169 sieque
856 4098 968 4151 auctor
982 4098 1074 4167 ercet,
1086 4091 1118 4151 ci
1129 4088 1226 4171 effata
1238 4092 1311 4170 ejus
1321 4089 1371 4153 rel

125 4184 262 4258 marae
273 4195 346 4254 uon,
359 4176 411 4238 ael
427 4195 491 4237 nan
507 4194 569 4254 pra
586 4178 671 4236 omni
686 4194 793 4237 eorum
808 4178 840 4236 ai
855 4176 1113 4255 intelliperentur‚
1126 4178 1179 4239 oei
1188 4177 1235 4240 ad
1252 4180 1371 4256 ineptos

128 4264 233 4340 edam,
258 4261 398 4324 ludicrae
421 4280 459 4325 ac
481 4261 623 4342 nefarios
642 4261 740 4342 plane
763 4281 879 4326 rannus
898 4262 1180 4347 'detorquerentum
1232 4262 1372 4345 Denique

153 4488 200 4559 ⁴⁵)
217 4489 258 4544 lle
276 4491 380 4546 civitae
398 4490 448 4545 llci
464 4491 483 4545 l
502 4491 544 4544 18.
562 4487 593 4544 e.'
604 4491 646 4544 52.
