2834 4896
1282 208 1326 272 39

88 377 121 439 Ν.
149 378 177 437 l'.
202 378 292 439 clare
313 379 499 440 continetur.
544 376 641 457 Hujus
663 394 789 458 quoque
811 378 961 439 rationem
982 379 1155 441 habendam
1179 396 1252 443 esse
1274 381 1328 442 in-

88 464 223 544 terpreti,
254 464 327 526 inde
356 470 449 544 patet,
483 464 553 543 quia
584 463 618 525 N.
643 463 673 524 Τ.
697 462 765 524 libri
789 464 961 525 arctissimo
984 466 1015 526 in
1037 482 1120 527 nexu
1143 473 1214 528 sunt
1236 467 1329 546 positi

86 568 154 611 cum
177 550 212 611 V.
235 550 279 627 T,
302 550 474 630 multasque
497 549 658 632 religionis
680 551 828 610 veriates
840 549 1008 614 lectoribus
1030 559 1120 613 notas
1143 559 1328 633 supponunt,

86 652 168 716 quae
189 636 222 697 in
244 637 279 698 V.
302 637 335 698 Τ.
359 636 562 718 consignatae
585 642 666 712 sunt,
689 635 732 697 uti
754 634 843 717 leges
866 637 1010 715 morales,
1034 637 1203 699 doctrinam
1225 645 1257 700 et
1275 638 1328 700 hi-

83 721 213 784 storiam
236 722 275 785 de
297 722 454 784 creatione
477 722 590 799 mundi,
614 720 653 782 da
676 720 763 802 lapsu
785 727 1044 802 protoparentum,
1062 724 1214 801 vaticinia,
1237 731 1327 806 typos

84 809 259 870 messianus
290 815 349 870 etc.
382 808 483 880 Quare
515 808 581 888 ipe
615 808 762 869 Dominus
783 807 834 868 Mt.
859 808 888 884 5,
915 806 955 869 17
979 810 1036 871 ait:
1062 809 1182 887 „Nolite
1207 817 1326 891 putare,

82 913 131 955 me
162 895 291 956 venisse
323 894 446 956 solvere
477 895 579 976 legem
611 901 662 956 aut
689 892 873 975 prophetas;
905 912 966 955 non
1005 898 1076 957 veni
1106 896 1240 974 solvere,
1271 897 1327 959 sed

82 980 284 1062 adimplere.“
319 981 393 1043 Vice
416 999 507 1043 versa
537 979 630 1041 multa
655 980 685 1040 in
708 980 742 1041 V.
765 979 797 1040 Τ.
820 979 905 1041 libris
929 981 1060 1043 obscura
1084 982 1186 1044 forent
1209 984 1327 1064 absque

81 1067 165 1144 luce,
189 1067 351 1147 quasillis
382 1067 456 1128 eN.
490 1067 522 1128 Τ.
554 1065 691 1147 allulget,
722 1067 889 1147 praecipue
911 1068 1053 1128 vaticinia
1077 1086 1113 1129 ao
1136 1068 1210 1150 typi.
1254 1069 1328 1132 ldeo

83 1172 105 1215 s.
128 1153 336 1235 Augustinus·
354 1159 459 1215 recte:
493 1152 607 1231 ,Vetus
642 1158 867 1229 testamentum,
898 1153 1004 1233 inquit,
1029 1160 1077 1215 est
1098 1153 1168 1215 lons
1190 1156 1272 1232 novi,
1295 1162 1328 1218 et

83 1258 197 1300 novum
221 1239 274 1301 lux
295 1240 448 1315 veteris;“
473 1246 520 1303 etz
546 1239 683 1318 ,Novum
714 1244 927 1300 testamentum
949 1241 980 1301 in
1002 1247 1108 1302 vetere
1130 1240 1214 1319 latet,
1236 1248 1327 1304 vetus

83 1344 120 1387 ex
144 1343 229 1387 novo
251 1327 364 1404 patet.“
409 1325 569 1406 Arectcpta
591 1343 704 1387 sensns

170 1412 200 1473 2.
225 1430 295 1473 cnm
315 1412 377 1490 fide
400 1413 624 1474 ecelesiastici
656 1419 705 1472 est
724 1413 932 1490 conprnentia
953 1430 1068 1474 sensns
1089 1432 1161 1474 cam
1182 1413 1328 1476 doctrintt

85 1499 272 1574 christiani,
296 1506 450 1577 quatenns
472 1501 549 1560 boec
574 1500 682 1560 tamin
697 1496 737 1574 t',
760 1506 824 1559 tom
847 1500 880 1558 in
901 1497 938 1559 N.
970 1497 1012 1574 t,
1035 1499 1108 1560 dein
1130 1501 1165 1560 in
1186 1502 1328 1561 unanimi

83 1603 123 1646 ss.
156 1584 286 1645 Patrem
323 1586 491 1646 traditione
533 1586 718 1660 nominetur,
761 1592 793 1645 et
824 1584 865 1644 ab
904 1586 1042 1646 ecclesia
1063 1585 1219 1647 catbotica
1240 1587 1327 1647 clare

80 1673 279 1750 propositor.
324 1668 387 1731 (lui
416 1675 448 1730 et
478 1669 632 1750 quomodo
663 1668 741 1730 haec
764 1669 903 1751 analogia
926 1671 1084 1752 interpreti
1106 1689 1131 1733 s.
1153 1671 1327 1754 Scripturas

83 1756 252 1837 praecipue
274 1756 315 1818 sit
336 1756 541 1836 respicienda,
565 1775 606 1817 ex
627 1754 884 1835 praecedentibus
907 1757 1028 1819 abunde
1049 1764 1142 1838 patet.

653 2001 682 2068 §-
705 1995 758 2058 tl.

53 2140 56 2148 ’
161 2130 205 2183 tx.
223 2129 376 2182 Discrimina
394 2144 465 2180 mere
484 2128 634 2181 rationalem
654 2132 720 2182 inter
737 2138 764 2182 et
781 2128 933 2182 catholicam
957 2131 1193 2199 interpretationem
1211 2132 1248 2199 ⁴l).

167 2270 257 2332 Licet
277 2273 455 2335 catholicas
475 2292 574 2352 oeque
607 2293 647 2335 ac
680 2293 763 2335 mere
796 2275 966 2336 rationalis
990 2277 1147 2355 interpres
1168 2278 1326 2339 commnni

82 2359 314 2437 interpretandi
332 2361 491 2439 principio
513 2369 638 2421 ntatnr:
660 2361 758 2422 malta
780 2370 883 2422 tamen
905 2370 936 2422 et
958 2380 1072 2441 mapna
1094 2367 1177 2424 inter
1198 2365 1323 2425 atrim-

83 2463 140 2524 pae
164 2447 453 2524 interpretationem
475 2447 670 2507 intercedant
692 2448 890 2523 discrimina,
914 2453 946 2507 et
968 2447 1089 2528 quidem

171 2529 200 2591 l.
223 2530 356 2594 Ratione
379 2534 511 2594 criticae
533 2551 577 2593 ss.
601 2533 768 2594 librorum:
790 2531 950 2610 interpres
972 2534 1147 2595 catholicas
1163 2535 1233 2612 jam
1255 2543 1327 2596 ante

83 2618 375 2696 interpretationem
407 2630 548 2698 coeptam
578 2620 678 2698 probe
709 2621 779 2694 scit,
802 2638 846 2680 ss.
871 2619 982 2682 literas
1004 2620 1044 2680 ab
1067 2620 1251 2682 anctoribns
1274 2621 1326 2681 di-

82 2705 203 2764 ainitas
225 2706 401 2783 inspiratis,
425 2705 556 2784 ideoprm
577 2705 638 2783 fide
661 2705 859 2784 dipnissimis
881 2706 1080 2779 descendere,
1099 2715 1130 2768 et
1151 2708 1326 2769 doctrinam

83 2790 258 2850 revelatam
280 2789 505 2871 historiamque
528 2809 655 2852 sacram
676 2793 842 2852 continere
847 2812 861 2865 ,·
894 2792 964 2853 hinc
983 2793 1047 2873 jam
1071 2810 1088 2852 a
1110 2792 1205 2874 priori
1227 2792 1325 2853 firmi·

84 2883 130 2936 ter
151 2882 250 2953 tenet,
274 2893 300 2937 s.
323 2875 508 2958 scripturam
531 2883 568 2948 a)
590 2876 663 2937 nihil
686 2877 847 2958 complecti
876 2893 979 2958 posse,
1011 2877 1094 2958 quod
1125 2878 1195 2941 fidei
1218 2880 1326 2940 ecole-

83 2962 147 3022 siae
172 2961 343 3024 catholicae
367 2969 452 3025 esset
474 2964 657 3042 adversum,
679 2981 750 3023 nam
778 2963 857 3024 haec
879 2964 1034 3026 ecelesiae
1057 2963 1134 3026 fides
1157 2963 1321 3026 infallibilis

83 3054 130 3109 est
152 3046 231 3110 Jesu
253 3055 285 3109 et
306 3048 526 3129 Apostolomm
557 3048 705 3126 doctrina,
740 3067 796 3130 per
829 3050 1036 3131 magisterium
1060 3051 1323 3130 Petro-apostoli-

83 3152 162 3209 cum,
185 3134 314 3213 Spiritus
347 3152 372 3197 s.
397 3135 550 3216 praesidio
585 3135 734 3216 gaudens,
766 3142 946 3197 conservata
983 3154 1020 3197 ac
1042 3136 1208 3217 proposita,
1232 3136 1320 3217 cujus

83 3220 206 3282 nonnisi
228 3222 533 3303 partem,etquidem
551 3220 654 3298 modo,
677 3221 791 3283 nostris
814 3222 922 3284 saltem
945 3223 1132 3303 temporibus
1155 3239 1217 3283 non
1240 3240 1326 3283 sern-

82 3325 139 3388 per
161 3313 211 3368 sat
234 3306 328 3385 «lato,
351 3307 475 3370 exhibet
504 3324 529 3369 s.
563 3306 736 3389 Scriptura3
771 3308 804 3381 b)
829 3324 890 3369 non
913 3309 1073 3369 continere
1097 3326 1228 3390 pugnarn
1250 3326 1326 3371 vere

83 3393 176 3454 talem
198 3393 265 3453 sive
297 3395 328 3454 in
359 3394 523 3470 historicis,
555 3394 621 3455 sive
651 3394 682 3454 in
718 3393 901 3475 dogmaticis
927 3394 1075 3475 partibus.
1099 3430 1140 3439 -
1163 3393 1326 3474 interpres

83 3489 187 3541 antem
209 3499 293 3541 mere
315 3482 486 3542 rationalis
509 3488 581 3542 ante
601 3482 723 3558 finitam
744 3482 1014 3560 interpretationis
1036 3483 1193 3560 nepotinm
1216 3483 1324 3544 deter-

82 3567 205 3627 minare
227 3584 292 3628 non
313 3568 406 3643 calet,
427 3585 502 3628 nnm
524 3575 671 3627 auctores
693 3568 781 3628 sacri
809 3569 874 3627 sint
893 3566 955 3644 pide
977 3566 1065 3645 dipni
1086 3586 1143 3629 nec
1166 3586 1204 3629 ne
1214 3589 1227 3642 ,·
1251 3569 1327 3648 qnid

82 3662 197 3715 sacrae
216 3654 354 3733 papissae
375 3655 557 3715 contineant
578 3660 718 3714 autnon
748 3654 930 3714 contineant
937 3672 949 3723 ,·
980 3672 1053 3714 nnm
1075 3656 1158 3716 inter
1178 3672 1214 3715 se
1237 3656 1324 3716 inci·

82 3757 150 3800 cem
172 3743 371 3802 concutiant
391 3758 434 3801 on
456 3739 638 3801 discordent
645 3759 658 3812 ;
688 3738 808 3800 adhoc
830 3738 958 3800 alterum
982 3745 1084 3801 tamen
1107 3740 1323 3821 suspicandum

81 3825 210 3906 pronior
231 3825 299 3901 erit,
323 3842 391 3887 cum
415 3843 484 3886 eum
506 3842 569 3886 non
601 3824 704 3898 lateat,
734 3824 786 3885 vix
808 3823 886 3886 duos
910 3842 982 3887 csse
1006 3827 1159 3905 rtrortales,
1184 3827 1242 3888 etsi
1264 3827 1325 3889 sint

83 3910 224 3990 ejusdem
246 3911 382 3992 magistri
405 3910 554 3991 discipuli,
587 3912 637 3990 qui
662 3910 799 3971 omnibus
830 3911 861 3971 in
890 3911 1026 3992 partibus
1050 3912 1089 3974 de
1125 3912 1230 3974 eadem
1264 3911 1325 3973 do-

83 3997 181 4057 cirini
192 3996 321 4077 ejusque
335 4013 430 4058 sensu
453 3996 563 4057 eodem
587 3995 677 4057 modo
702 3997 849 4077 cogitent,
872 3999 933 4059 imo
953 3998 1247 4060 eundemhominem
1272 3998 1323 4059 di·

79 4082 179 4142 versis
204 4082 390 4165 temporibus
413 4082 581 4144 sententias
604 4099 676 4143 suas
699 4082 867 4144 immutare.
902 4083 1064 4147 Sacrorum
1087 4084 1233 4146 librorum
1255 4085 1321 4147 ori·

81 4166 141 4229 tica
165 4166 259 4249 igitur
291 4166 572 4251 interpretationem
603 4166 681 4231 cath.
714 4168 882 4249 praecedit,
916 4189 1001 4233 mere
1034 4170 1213 4233 rationalem
1243 4189 1320 4234 vero

84 4253 234 4335 sequitur.

106 4465 134 4531 ³)
153 4465 206 4585 pita.
224 4466 325 4587 mind
347 4465 534 4521 Unterschiede
560 4467 693 4525 zwischsa
717 4468 764 4521 dar
788 4468 860 4519 hloss
883 4467 1037 4521 rationellen
1063 4471 1114 4522 und
1143 4472 1325 4526 hatholirchen

165 4551 358 4601 nerprearon.
