2834 4896
54 111 159 163 mmeu
182 117 224 161 ec
245 106 337 177 parte
359 97 439 159 adeo
458 97 601 178 perfecto
623 107 706 175 sunt,
723 107 759 161 ut
776 99 989 177 posteriorum
1009 100 1096 161 curis
1118 98 1198 161 nihil
1217 99 1299 161 reli·

54 187 208 267 quissent,
228 184 305 258 isisi,
326 191 362 244 ut
382 184 483 261 munt,
505 182 681 262 transferre
704 185 741 245 de
764 184 847 245 libro
869 185 903 245 in
925 186 1123 265 quintarium
1144 183 1193 259 *).

140 270 181 345 d)
203 266 271 349 ipsi
285 270 380 330 etiam
390 269 604 331 Pretestantes
626 271 821 349 antiquiores
837 277 870 330 et
891 271 1101 332 recentiorum
1122 270 1295 347 sobriores,

53 359 115 420 etsi
136 374 203 417 non
223 355 316 433 fidem
338 354 491 416 ecclesiae
513 355 697 430 catholicae,
713 365 815 417 tannen
837 357 1013 417 doctrinam
1036 356 1187 418 librorum
1208 375 1296 436 spin-

53 443 232 504 bolicorum
255 442 522 520 interpretationis
544 459 686 502 normam
708 442 917 503 considerant.
961 440 1070 521 Aqua
1092 451 1195 504 autem
1217 451 1297 503 tem-

50 546 130 608 pore
168 526 269 587 libros
290 545 368 587 suos
401 526 591 606 symbolicos
625 526 760 588 humano
793 528 895 589 solum
915 527 1120 606 sandaracato
1142 527 1297 590 subniaos

52 633 122 675 esse
154 613 387 688 intelleaernnt,
410 614 678 674 etauctoritatem
711 631 818 674 eoram
844 614 1011 691 repudiare
1034 624 1212 694 coeperant,
1235 633 1297 675 cu·

53 700 168 761 daciae
191 716 298 758 eorum
321 717 428 759 omnes
450 707 578 777 apertae
601 706 675 759 suut
691 699 821 776 januae.
867 697 934 772 Ouo
957 700 1159 777 insipientiae
1178 717 1296 779 perce·

52 787 168 861 norint,
204 786 258 862 qui
289 785 353 845 soli
385 786 543 863 sopientes
577 802 647 845 esse
680 784 743 846 sibi
775 786 937 861 videatur,
968 787 1070 847 tristis
1103 788 1298 866 experientia

53 873 146 935 docet
166 869 238 946 W).

141 954 214 1037 Obj.
244 954 275 1015 t.
322 953 424 1017 Verbo
456 953 559 1017 divino
589 956 619 1016 in
650 974 691 1018 ss.
722 955 818 1016 literis
851 955 991 1036 deposito
1022 975 1038 1017 a
1070 956 1232 1018 Catholicis
1266 958 1298 1018 in

54 1059 173 1124 genere
197 1048 230 1104 et
251 1041 379 1123 proinde
402 1042 492 1103 etiam
515 1042 553 1102 ab
576 1041 792 1122 interpretibus
815 1042 846 1102 in
868 1043 975 1122 speeie
1003 1044 1201 1124 praeponitur
1221 1061 1297 1104 ver-

55 1131 123 1191 bum
147 1126 323 1204 humanum,
346 1126 486 1203 traditio;
516 1145 611 1207 quare
633 1128 714 1189 idem
737 1129 783 1189 eis
806 1128 899 1208 objici
921 1135 1032 1208 potest,
1057 1129 1137 1209 quod
1160 1128 1297 1191 Christus

55 1214 229 1278 Pharisaeis
252 1214 449 1293 exprobravit
472 1214 578 1275 dicens
600 1214 650 1275 blt.
675 1214 726 1290 15,
749 1213 777 1275 6.
801 1214 829 1274 9.
855 1213 991 1292 ,lrritum
1028 1214 1144 1277 fecistis
1167 1216 1297 1276 manda-

58 1309 118 1361 tum
138 1300 198 1363 Dei
219 1306 347 1381 propter
368 1299 561 1362 traditionem
583 1307 777 1363 vestram..
803 1346 810 1360 .
833 1300 905 1360 Siue
936 1318 1029 1362 causa
1063 1309 1162 1364 autem
1194 1302 1298 1364 colunt

58 1405 113 1465 me,
138 1386 290 1449 docentes
315 1386 469 1447 doctrinas
494 1392 525 1446 et
548 1386 687 1448 mandata
710 1387 891 1447 hominurn.“

140 1473 235 1551 Resp.
258 1477 298 1547 a)
324 1472 423 1535 Verbo
446 1473 556 1533 diuino
576 1492 620 1534 ss.
644 1473 806 1534 literarum
829 1474 1028 1534 auditionem
1059 1483 1204 1553 respectu
1227 1476 1298 1535 ori-

56 1561 137 1638 pinis
161 1559 295 1639 quidem,
310 1557 445 1620 ambitus
460 1567 489 1620 et
507 1559 674 1634 claritatis,
694 1578 758 1620 non
779 1576 855 1619 cero
878 1560 1001 1620 ratione
1023 1559 1131 1622 hahita
1153 1562 1297 1622 auctori-

56 1647 127 1705 tatis
147 1645 386 1725 praeponimus,
409 1644 467 1705 sed
488 1644 697 1722 adponimus;
715 1654 884 1724 praeterea
917 1643 954 1718 b)
977 1663 1003 1705 s.
1026 1645 1210 1724 Scripturae
1233 1664 1297 1707 uon

57 1731 246 1811 adponimus
280 1725 407 1792 o'erbam
438 1730 625 1806 humanum,
661 1731 719 1792 sed
751 1730 952 1792 traditionem
974 1731 1076 1808 talem,
1099 1733 1191 1809 cujus
1214 1732 1297 1792 idem

57 1815 138 1878 Deus
162 1825 215 1878 est
242 1825 356 1878 auctor
384 1835 422 1877 ac
449 1825 665 1892 conservator,
698 1818 751 1877 cui
772 1835 817 1877 ss.
841 1815 941 1877 libros
962 1819 996 1878 iu
1018 1820 1157 1896 acceptis
1178 1818 1296 1896 referi·-

58 1922 131 1965 mus.
180 1901 281 1978 Quale
304 1920 379 1981 erpo
402 1902 572 1964 discrimen
596 1900 776 1965 Catliolicos
798 1905 882 1964 inter
904 1913 934 1964 et
954 1903 1166 1965 Pharisaeos!

140 1987 211 2068 Obj.
236 1988 265 2049 5.
288 1987 433 2065 Traditio,
457 1988 646 2068 experientia
669 1994 760 2065 teste,
785 1995 832 2051 est
853 1988 985 2050 fecunda
1017 1989 1167 2051 mendacii
1189 1994 1295 2067 mater,

59 2092 105 2152 per
140 2092 234 2155 quam
270 2059 382 2136 veritas
413 2074 499 2135 vario
533 2073 623 2135 modo
656 2073 839 2137 defoedatur
870 2074 975 2150 (Fama
1008 2077 1121 2137 crescit
1155 2075 1294 2152 eundo);

60 2177 150 2239 quare
175 2159 286 2221 eadem
311 2167 342 2221 et
364 2158 514 2221 haeretici
537 2160 584 2221 usi
606 2167 676 2221 sum
695 2160 732 2222 ad
755 2178 900 2242 perversa
920 2179 974 2222 sua
999 2159 1140 2243 dogmata
1164 2160 1296 2223 demon-

60 2245 201 2323 stranda3
223 2245 294 2307 hinc
318 2245 456 2308 doctrina
491 2246 643 2308 ecclesiae
667 2246 852 2325 catholicae,
886 2247 1038 2308 traditioni
1070 2247 1210 2325 subnixa,
1233 2254 1296 2308 tum

60 2333 145 2397 inse
170 2333 287 2394 erroris
310 2332 399 2394 valde
423 2338 566 2412 suspecta
590 2338 646 2409 est,
670 2339 731 2394 tum
754 2334 785 2395 in
813 2332 1042 2415 interpretando
1074 2352 1164 2397 sacro
1187 2333 1296 2396 codice

61 2419 248 2482 auctoritatis
273 2417 435 2480 admodum
458 2418 568 2480 dubiae
591 2437 704 2480 norma.
767 2417 768 2420 ’

143 2506 240 2584 Resp.
263 2510 298 2580 o)
320 2504 372 2567 Ea
394 2505 479 2566 bisce
495 2507 597 2566 solum
618 2507 770 2584 sequitur,
782 2514 833 2566 sat
850 2515 967 2567 certam
985 2508 1106 2585 requiri
1127 2508 1297 2585 criterium,

63 2596 147 2671 cujus
185 2609 244 2671 ope
272 2609 350 2652 uero
379 2600 409 2652 et
437 2592 547 2652 dioina
580 2592 709 2652 traditio
743 2590 783 2651 ab
815 2592 936 2653 incerta
965 2593 1054 2671 fama
1087 2595 1296 2656 discernatur.

64 2675 130 2740 lale
154 2687 261 2740 autem
282 2679 443 2739 criterium
466 2678 557 2738 adest
577 2680 610 2738 in
633 2678 769 2738 ecclesia
801 2676 969 2754 catholico,
999 2697 1078 2757 quae
1101 2698 1164 2740 aon
1185 2688 1296 2740 temere

88 2874 117 2939 ⁴)
147 2872 223 2935 „Sed
251 2872 359 2924 forsitan
386 2873 448 2924 dicit
472 2873 578 2942 aliquis:
602 2874 727 2927 Nullusne
752 2889 816 2992 erpo
841 2876 867 2925 in
892 2872 1004 2925 ecclesis
1030 2873 1120 2925 Christi
1144 2874 1296 2940 proiectus?

139 2941 275 2993 Habentur
300 2941 378 3008 plane
397 2951 423 2993 et
440 2945 572 2993 maximus.
609 2943 671 2993 Nam
693 2945 749 3011 quis
769 2942 812 2993 ile
832 2952 871 2994 est
888 2950 938 2992 tam
957 2943 1059 2993 invidus
1078 2942 1231 3003 hominibus,
1246 2951 1295 2995 tam

141 3025 239 3062 exosus
257 3009 324 3073 Deo,
344 3012 387 3078 qui
407 3010 469 3061 illud
488 3010 626 3078 prohibere
646 3011 776 3063 conetur?
795 3011 847 3063 Sed
873 3014 906 3062 ita
924 3020 1019 3075 tamen,
1039 3020 1065 3062 ut
1082 3027 1145 3062 vere
1164 3011 1296 3077 proiectus

140 3081 175 3131 sit
192 3078 238 3130 ille
256 3078 327 3141 fidei,
346 3094 400 3131 nan
419 3083 579 3147 permutatio.
617 3081 748 3148 Siquidem
767 3081 799 3131 ad
818 3081 962 3146 protectum
982 3083 1101 3147 pertinet,
1120 3088 1148 3131 ut
1163 3082 1191 3130 iu
1214 3091 1298 3133 semet

139 3149 226 3216 ipsam
245 3162 418 3216 unaquaeque
447 3165 489 3200 res
514 3149 694 3216 amplificatum
724 3150 757 3200 ad
781 3151 993 3216 permutationem
1012 3164 1085 3211 vero,
1105 3156 1132 3198 ut
1150 3148 1245 3216 aliquid
1265 3167 1298 3202 ex

140 3216 194 3268 alio
213 3218 240 3267 in
259 3215 329 3267 aliud
348 3224 539 3269 transvertatur.
559 3216 666 3271 Crescat
684 3220 760 3287 igitur
778 3226 888 3284 oportet,
908 3226 934 3268 et
953 3217 1057 3268 multum
1076 3215 1297 3287 vehementerque

138 3285 261 3354 proliciat
284 3293 336 3336 tam
363 3285 533 3354 singulorum,
579 3302 638 3337 uam
670 3288 791 3350 omnium,
815 3295 866 3337 tam
893 3288 968 3336 unius
987 3285 1106 3347 hominis,
1125 3302 1200 3353 quam
1219 3290 1296 3339 totius

141 3354 276 3407 ecclesiae
293 3362 406 3405 aetatum
434 3370 467 3406 ac
491 3303 654 3407 saectiiorum
713 3355 804 3406 adibus
823 3354 999 3423 intelligentia,
1019 3356 1136 3418 scientia,
1156 3358 1296 3422 sapientia;

140 3424 191 3476 sed
210 3425 237 3474 in
255 3438 303 3473 suo
322 3423 453 3475 dumtaxat
488 3438 577 3487 encre,
595 3425 622 3475 in
641 3439 673 3476 eo
693 3440 733 3475 em
754 3424 855 3475 scilicet
878 3423 1010 3490 dogmate,
1028 3423 1121 3475 eodem
1141 3439 1229 3489 sensu,
1248 3441 1296 3477 ea-

143 3493 205 3544 dem
225 3505 259 3542 ue
278 3495 435 3543 sententia.“
476 3493 570 3544 iacent.
589 3492 671 3544 Leria.
692 3492 844 3544 Commonit.
864 3509 886 3543 c.
905 3492 948 3542 28.

195 3598 214 3624 „
258 3558 404 3613 Timothee!
424 3576 439 3612 o
458 3562 596 3613 sacerdos!
629 3562 798 3613 otractator!
823 3561 963 3613 adactor!
989 3563 1011 3612 si
1028 3570 1054 3612 te
1073 3561 1185 3613 divinum
1204 3579 1295 3614 munus

138 3631 265 3682 idoneum
285 3628 376 3681 iecerit
400 3632 515 3698 ingenio,
544 3633 736 3692 exercitatione,
763 3630 888 3694 doctrina,
917 3638 973 3682 esto
1000 3629 1120 3697 spiritalis
1137 3630 1296 3682 tabernaculi

138 3696 265 3751 Beseleel
290 3697 377 3763 (Exod
406 3698 447 3750 et.
468 3698 507 3765 2),
527 3701 652 3765 pretiosas
681 3698 760 3750 divini
784 3698 911 3767 dogmatis
939 3715 1053 3768 gemmas
1078 3698 1196 3765 exculpe,
1227 3698 1295 3749 lide-

141 3768 204 3819 liter
222 3772 325 3832 coapta,
345 3767 443 3818 adorna
461 3769 600 3834 sapienter,
619 3767 703 3831 adjice
722 3766 896 3834 splendorem,
922 3770 1037 3836 gratiam,
1056 3775 1224 3818 venustatem.
1250 3767 1294 3818 ln-

142 3835 275 3904 telligatur
297 3842 324 3887 te
348 3845 494 3903 exponente
519 3836 649 3899 illustrius,
678 3837 747 3905 quod
766 3845 826 3888 ante
853 3836 987 3889 obscurius
1007 3834 1166 3888 credebatur.
1201 3833 1251 3885 Per
1268 3844 1294 3887 te

141 3906 284 3973 posteritas
303 3904 461 3958 intellectum
481 3903 630 3973 gratuletur,
655 3905 725 3972 quod
745 3914 803 3956 ante
829 3914 944 3957 vetustas
963 3921 1016 3956 non
1034 3903 1121 3955 intelle
1139 3912 1191 3953 tum
1209 3919 1294 3956 vene-

143 3973 259 4025 rabatur.
294 3972 395 4025 Eadem
413 3982 508 4038 nmen,
528 3988 594 4042 quae
613 3973 733 4038 didicisti,
754 3975 830 4038 doce,
848 3986 875 4026 ut
895 3992 951 4026 cant
970 3976 1042 4025 dicas
1060 3989 1132 4036 troas,
1150 3990 1202 4023 non
1220 3975 1295 4025 dicas

147 4046 246 4095 nmo-‘⁴
263 4042 326 4093 lbid.
347 4058 369 4092 c.
387 4042 429 4093 at.
448 4040 499 4096 cfr.
520 4059 533 4093 c
561 4042 602 4093 29.

85 4114 130 4181 ⁴⁵)
150 4110 205 4162 ctr.
223 4110 278 4163 Der
293 4110 509 4163 rabonslistisebe
528 4109 643 4162 Christus
661 4113 686 4160 in
708 4127 800 4178 opere:
820 4111 873 4162 llas
891 4109 977 4162 Leben
997 4108 1088 4160 Christi
1104 4124 1157 4159 uon
1175 4108 1217 4160 Dr.
1236 4109 1295 4161 lob.

147 4181 205 4247 Nep
233 4179 312 4247 Sepp.
330 4178 372 4231 Vl.
389 4178 438 4235 Bu.
457 4179 629 4247 liegeusburg
647 4178 730 4243 tusa
749 4188 774 4231 et
783 4180 810 4230 N.
824 4178 954 4245 llntippel:
972 4176 1136 4245 DasPrincip
1155 4178 1292 4231 derfreieu

143 4248 391 4315 Schriitl'orschung.
410 4246 526 4300 Coblenz
545 4248 620 4300 1846.
