2834 4896
1264 186 1330 253 235

86 366 148 421 tunt
170 374 252 432 ersa,
268 356 462 435 6696666116
483 356 568 418 omni
590 357 773 436 acceptione
795 356 973 437 majoribus
994 356 1218 423 demonitrcrs.
1234 359 1328 423 octe-

85 464 174 507 mus:
206 443 252 506 ibi
280 442 319 503 de
347 443 502 520 6166666611
527 445 709 521 pictionibus
745 446 872 507 16666161
899 445 956 507 tue
977 448 1118 524 coqttare
1139 444 1252 526 potest,
1273 448 1331 528 qui

85 541 140 594 out
162 546 295 592 crossoe
327 529 530 608 1966666τὲ66
562 530 702 592 tenebris
728 533 852 610 tepitur,
874 539 932 593 aut
951 533 1186 595 ceritatisiuci
1207 534 1330 611 ocutus,

84 617 322 698 quibuscunque
344 617 470 677 motiois
491 616 615 694 ductus,
638 627 749 696 apeme
771 634 832 679 suc
854 618 1000 680 occludit.
1028 618 1123 699 Atqui
1145 619 1331 700 retipionenr

84 703 411 766 cierationem-tatem
439 704 598 764 continere
627 704 853 765 revelationem
875 704 1025 782 diuinum,
1049 707 1120 784 ejus
1142 715 1207 768 turn
1229 708 1331 786 oriqc,

83 791 274 871 propopott'c
296 798 328 849 et
347 793 560 865 conservatio,
583 798 646 851 tum
676 800 901 871 orpumectunv,
933 798 998 853 turn
1020 792 1182 855 6616166666
1203 790 1331 873 effectus

81 895 143 958 per
165 884 213 939 tot
225 876 297 954 jum
318 877 527 938 soeculorum·
542 877 712 938 decmsurn
733 877 857 940 abunde
880 886 1119 953 comestorum
1310 878 1314 887 '

173 966 211 1037 e)
233 962 409 1024 innumeras
432 979 552 1044 pugnas
575 962 606 1023 in
621 963 797 1045 Evangeliis
814 964 928 1026 6661616
951 980 1129 1028 occurrere.
1152 998 1195 1011 -
1221 962 1333 1027 Veron

85 1050 247 1111 enimuero
268 1049 339 1125 bae,
360 1056 466 1128 utpote
489 1051 618 1111 cornui
639 1052 673 1111 in
694 1052 918 1129 imoqinatious
940 1048 1000 1121 D'i·
1030 1050 1162 1113 Suauss
1183 1051 1332 1112 residen-

86 1145 144 1213 tes,
172 1153 281 1197 omnes
310 1143 512 1214 evanescunt,
541 1137 582 1213 si,
604 1145 639 1199 ut
659 1138 758 1214 decet,
787 1154 888 1199 sonae
921 1136 1170 1200 manneae
1201 1138 1332 1216 reputas

85 1222 318 1292 adbibecnture
340 1222 472 1301 denique
1320 1264 1323 1271 -

170 1308 209 1390 f)
231 1306 267 1369 11.
291 1307 324 1369 Τ.
346 1307 441 1369 libros
464 1313 497 1369 61
519 1306 708 1391 theologiam
725 1307 884 1390 judaicam
906 1306 1086 1371 exhibuisse
1108 1314 1223 1389 typum,
1239 1308 1330 1390 juxta

87 1411 182 1475 quem
204 1410 222 1455 a
244 1393 348 1474 primis
380 1392 559 1455 Christianis
589 1392 680 1459 ideae
716 1395 890 1458 messianus
912 1400 1020 1458 666661
1053 1394 1217 1473 66616166,
1247 1395 1332 1458 et'iu

83 1480 262 1543 historicam
273 1475 509 1562 Evarrgeliorum
522 1487 697 1545 nostrorum
709 1480 837 1544 formuiu
850 1481 1005 1544 redactae.
1017 1514 1061 1529 -
1072 1480 1331 1555 trituraretur

83 1566 296 1646 scriptoribus
331 1575 395 1629 1666
426 1570 550 1644 sacris,
583 1577 647 1629 tum
665 1568 819 1648 profanis.
836 1570 971 1648 irnaqa,¹
988 1586 1052 1648 qua
1072 1566 1206 1645 iudaei,
1229 1569 1334 1631 166161

90 1654 119 1717 V.
133 1653 166 1715 t.
188 1651 294 1733 effatis
312 1670 480 1733 perperam
502 1655 679 1732 intellectis,
696 1654 843 1717 Messium
864 1655 929 1717 sibi
949 1656 1239 1735 corroboratorum,
1262 1661 1333 1718 erut

85 1740 144 1803 1116
170 1741 257 1819 reqis
290 1741 408 1802 terreni
440 1742 670 1821 potentissimi,
703 1742 862 1821 uunquam
890 1742 1055 1819 morituri,
1076 1742 1132 1821 qui
1152 1751 1278 1804 6661666
1299 1749 1331 1804 et

85 1827 261 1906 pior-iorum
282 1845 411 1905 reqnum
432 1835 581 1890 terrestn
600 1826 801 1906 fundaturus,
822 1836 854 1890 et
873 1826 1019 1889 omnibus
1040 1826 1176 1889 etbniors
1197 1828 1331 1891 deuictis

84 1913 220 1976 iudaeis
241 1914 350 1974 mundi
381 1915 545 1993 imperium
574 1923 659 1977 esset
690 1915 877 1977 collaturus.
922 1912 1081 1977 Cirristuns
1101 1932 1160 1975 seu
1181 1913 1332 1977 Messian

84 2010 115 2063 et
135 2018 242 2080 repam
262 2009 420 2061 terrenam
440 2000 576 2061 iudaeis
597 2003 632 2062 in
652 2018 765 2080 penore
791 2000 894 2080 fuisse
925 2018 1111 2081 sqnonprna,
1140 1998 1330 2062 edocentur:

172 2092 208 2159 a)
229 2085 281 2149 Ea
302 2089 382 2165 ipsis
403 2085 598 2166 Ecanqetiis,
630 2086 808 2167 etquidem
831 2105 872 2169 en
905 2086 1100 2169 adjuratione
1121 2085 1258 2167 Kaipbae
1279 2086 1331 2148 iit

83 2172 140 2251 26,
163 2170 215 2234 63.
239 2179 272 2235 61
294 2191 334 2234 ex
356 2173 538 2253 quaestione
572 2173 777 2254 synedrorum
799 2172 872 2236 Luc.
897 2173 951 2252 22,
975 2172 1026 2235 66.
1050 2172 1159 2235 collata
1182 2190 1251 2234 curn
1274 2190 1333 2235 ac·

83 2260 257 2323 cusatione-
270 2276 378 2321 eorum
400 2276 506 2323 coram
530 2258 625 2323 Pilato
646 2259 696 2322 io.
721 2259 771 2333 19,
797 2259 866 2336 111.;
901 2278 942 2322 ex
962 2258 1207 2342 interrogatione
1228 2258 1331 2341 hujus,

83 2365 162 2410 num
180 2344 274 2407 iesus
306 2346 348 2408 sit
376 2346 457 2408 rex?
492 2345 541 2409 Jo.
574 2344 700 2423 18,33.
724 2345 793 2421 sta
829 2345 871 2408 ex'
902 2346 1039 2411 ludibrio
1068 2345 1195 2408 miiitum
1225 2345 1332 2409 166611

85 2432 274 2496 iudaeorun
295 2448 403 2514 regem
426 2431 637 2509 salutantium
662 2452 702 2496 ax
724 2432 812 2496 titulo
836 2433 949 2512 crucis,
963 2432 1015 2513 qui
1027 2430 1179 2495 61116166
1189 2430 1332 2503 iudaea,-

88 2538 158 2582 rum
179 2526 285 2600 regern
307 2518 492 2601 designavit.
1319 2586 1322 2591 ,

176 2604 212 2683 β)
232 2604 260 2667 11
278 2606 489 2685 scriptoribus
507 2605 665 2687 profanis.
687 2604 743 2669 Sic
763 2602 831 2668 Jor.
852 2602 985 2667 Fiaoius
1002 2603 1042 2681 *2
1064 2603 1120 2667 ait:
1141 2603 1226 2685 ,Sed
1249 2603 1332 2687 quod

87 2690 295 2756 marinaeus
319 2692 489 2769 (1666666)
513 2691 552 2755 66
582 2691 704 2769 beilum
723 2692 914 2771 incitaverat,
943 2691 1120 2755 vaticinium
1142 2698 1210 2755 crat
1232 2692 1332 2758 ambi-

86 2795 182 2861 guum
203 2777 300 2839 iuss.
322 2777 420 2841 literis
451 2786 618 2859 repertum,
639 2778 699 2841 iilis
731 2779 857 2841 circiter
885 2779 1074 2859 temporibus
1104 2778 1267 2859 quemdam
1291 2796 1332 2857 err

86 2866 222 2947 ipsorum
244 2864 376 2947 regique
399 2865 483 2927 orbis
506 2873 654 2927 terrarum
676 2864 806 2946 irnperio
829 2864 1023 2945 qon'turum.“
1045 2865 1235 2928 ..Suetonius
1252 2860 1332 2941 1’1),6

87 2950 342 3029 ,1666616661
377 2952 485 3033 inquit,
521 2950 648 3013 Oriente
679 2956 745 3013 toto
776 2956 866 3013 vetus
889 2954 920 3013 et
943 2956 1089 3011 constans
1120 2949 1237 3031 opinio,
1258 2968 1331 3013 6666

84 3039 117 3101 16
141 3036 223 3115 fatis,
253 3043 287 3107 61
317 3056 355 3101 eo
379 3043 517 3119 tempore
548 3036 666 3101 iudaea
700 3034 832 3118 proiecti
863 3053 967 3098 rerum
995 3037 1197 3116 potirentur.“
1233 3034 1331 3103 Tuci·-

84 3134 138 3187 tus
153 3123 237 3199 m)
272 3124 398 3187 scribit:
435 3124 594 3204 „Pluribus
626 3122 787 3205 persuasio
817 3123 934 3201 inerat,
967 3120 1109 3202 antiquis.
1132 3122 1330 3219 sucerdotuvq

83 3209 182 3272 literis
207 3210 368 3289 contineri,
393 3228 431 3273 6ο
455 3211 522 3291 ipso
547 3218 684 3290 tempore
707 3208 787 3289 fore,
810 3216 845 3272 61
867 3209 1040 3271 valesceret
1063 3206 1177 3271 Oriens
1201 3207 1329 3291 proiec-

84 3298 169 3378 tique
192 3295 310 3358 Judaea
333 3316 437 3360 rerum
461 3298 661 3377 potirentur.“
1013 3338 1017 3343 -
1314 3338 1318 3343 -

171 3389 204 3462 y)
228 3381 307 3445 Ante
341 3383 522 3464 effusionem
556 3383 695 3463 Spiritus
730 3400 756 3443 s.
793 3400 857 3443 noa
890 3380 987 3443 aliern
1021 3379 1124 3459 fuisse
1161 3378 1331 3469 discipulis

82 3469 163 3531 besu
181 3470 218 3530 de
230 3468 349 3532 Messio
371 3471 483 3548 ideam,
495 3472 546 3533 uti·
558 3490 600 3533 ec
616 3470 774 3533 manunt
795 3466 958 3547 cepitandi
980 3468 1106 3529 ratione
1126 3468 1334 3549 popularium

83 3558 225 3635 ipsorum
248 3557 397 3636 coitiqere
421 3558 598 3634 liceretne
614 3576 654 3618 ea
670 3574 778 3619 eorum
799 3555 914 3633 oqendi
935 3556 1066 3616 ratione·
1081 3554 1206 3617 abunde
1227 3564 1333 3636 putet;

83 3659 153 3703 narn
189 3642 241 3703 11111
277 3642 429 3705 Zebedaei
459 3642 496 3704 ad
529 3643 693 3705 dexteram.
717 3648 752 3703 61
771 3641 925 3703 sinistrum
957 3639 1036 3702 teau
1068 3641 1100 3703 in
1130 3657 1236 3725 regno·
1265 3642 1332 3723 eius

78 3728 199 3790 ,sedere
223 3729 350 3809 cupiunt
371 3728 443 3805 (bis.
468 3728 519 3806 10,
540 3728 629 3805 35.);
652 3728 713 3791 duo
737 3726 1075 3808 discipuliFmauutem
1095 3728 1330 3810 proficiscentes

83 3830 120 3875 66
143 3831 230 3893 spem
252 3814 369 3879 1661666
393 3814 618 3896 obnuntiare,
633 3815 780 3891 6116666,
804 3830 886 3889 6666
908 3814 1001 3891 tertio
1015 3814 1078 3878 -die
1092 3815 1156 3898 jam
1179 3820 1329 3891 mortuus,

83 3899 178 3962 israe'i
201 3900 346 3964 liberaret
368 3900 456 3979 (Luc.
479 3900 532 3980 24,
555 3900 634 3979 21),
658 3906 689 3962 61
710 3898 893 3981 6166616116
914 3899 1045 3977 1666ξὶ6
1066 3908 1200 3964 montem
1213 3898 1326 3963 Oliveti

84 3986 199 4064 educti,
222 3994 256 4050 61
283 3988 475 4051 ascensionis
504 3989 572 4069 ejas
596 3994 693 4051 testes
719 3993 837 4066 essent,
867 3988 1062 4071 interrogare
1085 4004 1148 4051 uon
1172 3986 1330 4052 dubitant:

85 4072 247 4151 ,1)66666,
269 4092 341 4137 uum
363 4074 423 4137 hoc
446 4081 583 4156 ternpore
605 4074 752 4137 restitues
774 4093 907 4158 regnunt
920 4074 1060 4138 lsrael?“
1086 4079 1172 4150 (Act.
1186 4073 1215 4153 1,
1229 4073 1276 4151 6.)
1289 4108 1331 4119 -

79 4159 256 4224 Praeterea
276 4160 437 4224 Straussii
457 4171 597 4242 systema
617 4160 786 4243 mqtbiouns
1227 4196 1231 4203 ·

84 4296 395 4321 ὺι--ιιι-σ-ι--μ-ι

125 4377 156 4439 ⁹)
175 4364 240 4426 11611.
256 4374 313 4439 jud.
332 4374 376 4425 lib.
395 4372 436 4425 vt.
455 4390 479 4426 e.
497 4376 521 4427 5.
539 4390 566 4426 n.
585 4375 611 4427 t.

110 4444 155 4510 ⁴¹⁴)
174 4444 202 4494 1ιι
221 4444 299 4510 Veap.
318 4460 341 4494 e.
361 4444 386 4494 4.

87 4514 151 4580 m)
175 4512 343 4565 ilistoriarum
362 4512 405 4565 lib.
423 4513 453 4565 V.
472 4528 497 4565 u.
518 4514 558 4567 13.
