2834 4896
94 209 156 280 120

88 386 141 462 20,
164 382 215 449 23.
238 385 397 463 innueret,
429 383 461 448 in
483 384 687 469 praemiorum
709 383 923 450 distributione
944 385 1145 469 propensiori
1168 404 1247 452 suae
1268 387 1324 452 hu-

87 491 213 549 manae,
236 477 269 534 ut
290 478 432 552 petentes
455 471 634 554 sperabant,
668 490 732 533 uon
754 489 828 534 esse
850 472 969 550 lecum,
994 472 1051 536 sed
1074 492 1092 536 a
1114 474 1252 557 benigna
1274 475 1325 538 Dei

83 558 244 640 justissimi
268 558 469 638 dispositione
492 558 591 620 emnia
616 565 646 619 et
669 558 1083 639 hoerespectudependcre,
1107 567 1197 623 recte
1213 562 1323 624 edixit:

88 645 226 728 „Sedere
250 643 288 706 ad
312 647 469 707 dexteram
493 662 590 706 meam
613 644 662 706 vel
685 644 838 706 sinistram
861 651 995 707 nonest
1024 663 1126 709 meum
1149 646 1227 710 dare
1252 653 1324 723 (vo-

86 731 161 806 his),
185 729 241 793 scd
264 729 374 810 quibus
397 736 534 811 paratum
558 736 606 792 cst
628 749 644 790 a
668 730 756 791 Patre
788 733 887 791 mao.“

173 814 288 890 Quodsi
313 815 485 878 observatis
509 818 595 878 hisce
617 816 734 898 regulis
760 815 857 878 omisis
881 834 1061 898 pugnarum,
1095 817 1234 898 quaein
1258 836 1325 881 me·

86 905 168 966 dium
190 901 405 984 proteruntur,
427 919 446 964 e
468 919 510 964 ss.
533 901 631 964 literis
654 903 813 963 evanescit
834 909 976 978 caterva,
1012 908 1127 965 tantum
1149 903 1262 984 abest,
1296 911 1324 967 ut

86 990 244 1072 disciplina
275 996 381 1051 nostra
404 987 534 1068 partium
556 987 647 1050 studii
669 993 814 1071 suspecta
835 987 991 1066 reddatur,
1026 1007 1129 1069 quum,
1162 1008 1246 1071 quae
1270 1007 1323 1053 ceu

85 1075 194 1139 vitiosa
217 1076 398 1149 notavimus,
420 1074 488 1138 ueri
509 1073 639 1136 neminis
661 1074 733 1136 vitiu
757 1091 839 1153 esse,
862 1075 970 1156 negari
992 1082 1143 1155 nequeat3
1167 1081 1203 1137 ut
1223 1079 1322 1157 potius

84 1162 150 1225 illas
175 1161 222 1224 val
252 1161 284 1223 iu
307 1161 409 1225 odium
430 1177 473 1222 ss.
496 1159 666 1238 literarum,
699 1159 750 1223 val
783 1159 821 1223 ad
852 1159 1109 1224 commendandas
1141 1161 1321 1245 ingeniosas

83 1248 290 1329 hypotheses,
324 1246 460 1327 inprimis
493 1245 532 1308 ad
567 1245 803 1328 impugnandam
834 1264 875 1309 ss.
898 1246 1045 1309 librorum
1079 1246 1272 1312 authentiam
1294 1255 1321 1311 et

85 1337 288 1415 axiopistiam,
312 1339 343 1395 et
364 1331 577 1395 recentissima
601 1338 712 1409 aestate,
735 1330 773 1392 ud
797 1332 1045 1415 mittologerum
1069 1335 1191 1397 aemuia
1225 1335 1322 1399 stalti-

82 1420 183 1485 lienda
207 1421 245 1481 ab
269 1418 453 1481 adversariis
477 1425 643 1501 congestas
666 1436 748 1496 esse,
771 1417 852 1480 haud
876 1425 993 1481 temere
1016 1425 1175 1483 asseratur
1197 1419 1247 1496 1).

172 1506 328 1585 Respecto
346 1522 525 1584 pupparum

170 1590 216 1668 Β)
238 1591 496 1672 quotumcunque
517 1609 644 1653 socrum
666 1591 749 1653 inter
769 1597 802 1651 et
820 1589 990 1671 profanum
1024 1600 1186 1654 sesemen
1219 1593 1319 1656 inter-

81 1680 166 1760 preti
188 1679 295 1739 sedern
316 1677 408 1738 modo
427 1678 660 1757 procedendum
667 1697 679 1747 ;
714 1695 788 1739 nem
810 1686 841 1739 et
861 1677 912 1738 hie
934 1678 1108 1757 entilepic,
1131 1696 1213 1758 pecc
1236 1696 1267 1741 o.
1290 1680 1319 1741 in

84 1765 285 1844 corruptione
307 1771 422 1837 tectus,
444 1780 473 1823 e.
497 1764 531 1824 in
552 1765 628 1825 citio
650 1764 928 1842 interpretationis,
950 1782 979 1825 e.
1003 1765 1036 1824 in
1059 1783 1194 1826 erroneo
1217 1770 1318 1827 inter-

83 1853 183 1931 pretis
206 1851 277 1913 loeo
298 1850 489 1929 conferentis
518 1850 642 1927 jndicio
664 1849 794 1926 residet,
825 1867 994 1929 perperam
1026 1852 1106 1929 ipsis
1137 1850 1319 1913 auctoribus

87 1937 308 2001 obtenderetur
331 1942 375 2010 (v.
398 1953 427 2016 g.
450 1933 518 1996 Act.
542 1935 572 2011 5,
596 1932 647 1995 36.
671 1931 721 1996 37.
746 1934 814 1996 coll.
838 1934 986 1996 cumJos.
1009 1934 1091 1997 Flav.
1120 1935 1193 1999 Ant.
1216 1937 1271 2016 20,
1295 1938 1320 2016 5,

85 2023 112 2087 l.
136 2031 167 2086 et
190 2023 240 2102 18,
267 2022 293 2084 1.
320 2021 384 2097 1.);
408 2038 487 2101 ecee
509 2038 584 2081 eero
607 2028 710 2082 menet
732 2022 916 2096 erectiores,
938 2022 1014 2101 quin
1035 2024 1102 2083 siee
1117 2031 1234 2096 tectus,
1258 2026 1319 2086 sioe

85 2110 317 2189 interpretatio,
352 2110 419 2170 sioe
435 2107 593 2185 judiciam
616 2107 796 2185 interpretis
818 2109 890 2168 citii
911 2111 1004 2187 orpni
1021 2109 1142 2188 possit,
1176 2126 1257 2172 aere
1279 2116 1322 2171 est

82 2214 207 2280 peyne,
240 2195 333 2272 eujus
356 2204 458 2256 tomen
480 2194 579 2254 caeso
602 2192 767 2255 tribuendo
789 2201 837 2254 est
857 2195 1009 2272 scriptori
1026 2193 1183 2273 protono,
1216 2197 1274 2274 qui
1293 2201 1320 2257 et

82 2282 157 2362 felli
178 2289 210 2341 et
228 2281 341 2360 fellere
362 2282 474 2360 potuit,
493 2279 576 2354 hinc,
597 2288 752 2357 utcunque
776 2281 819 2341 sit
840 2280 981 2340 ereditas
1004 2299 1042 2341 oc
1065 2287 1320 2361 circumspectus,

83 2386 278 2449 nequequam
301 2384 414 2446 eepers
437 2373 485 2426 est
505 2371 606 2426 omnis
629 2367 753 2426 omnino
777 2367 907 2439 erroris,
930 2369 1022 2446 irtqee
1045 2384 1081 2426 eo
1104 2368 1219 2444 renes,
1232 2367 1270 2439 si,
1293 2372 1321 2430 ut

83 2474 112 2517 v.
125 2472 155 2535 g.
168 2453 301 2530 Tacitus,
313 2456 346 2514 in
358 2451 499 2514 Judeees
511 2461 541 2512 et
552 2449 750 2513 Christianos
764 2452 891 2513 inimice
905 2450 1010 2530 sertor
1020 2455 1135 2530 enine,
1147 2453 1282 2534 ideoque
1292 2455 1320 2515 in

80 2559 189 2622 pepne
212 2559 281 2601 cern
303 2548 431 2601 erectore
454 2556 559 2614 secro,
582 2539 613 2599 si
634 2537 709 2598 tetis
731 2554 868 2616 unquam
889 2537 1092 2616 detepereter,
1116 2541 1190 2601 haio
1212 2542 1315 2603 oicte-

82 2630 150 2688 riae
171 2626 278 2704 palme
299 2625 401 2700 cedet,
423 2632 554 2702 eportet.
598 2621 649 2686 Sic
670 2641 699 2684 v.
723 2640 753 2704 g,
777 2621 849 2684 dum
870 2621 1026 2704 Jo=ephus
1049 2623 1092 2686 Fl.
1120 2624 1194 2688 Aut
1220 2625 1273 2704 18,
1295 2625 1319 2687 5.

83 2712 114 2776 2.
138 2711 219 2789 dicit,
241 2710 392 2772 loannem
413 2708 447 2771 B.
470 2709 608 2770 hemines
632 2708 794 2786 docuisse,
816 2708 883 2771 lleo
904 2708 947 2772 ita
970 2716 1129 2790 acceptum
1151 2708 1222 2775 iere
1244 2713 1320 2793 hap-

82 2798 218 2874 tismum,
253 2815 346 2877 quum
379 2813 417 2857 ee
452 2812 513 2857 non
544 2794 582 2857 ad
615 2794 821 2874 expiationem
856 2794 1016 2859 criminum
1049 2803 1230 2877 uterentur,
1266 2794 1319 2862 sed

83 2883 121 2946 ad
145 2883 284 2965 eorporis
306 2881 493 2961 munditiem,
516 2887 623 2962 utpote
645 2880 797 2943 mentibus
816 2880 881 2961 jam
904 2899 961 2963 per
970 2881 1119 2963 justitiam
1137 2882 1319 2964 purificatis:

84 2969 207 3033 omnine
241 2975 394 3050 repugnat
423 2967 629 3048 Evangelistis
672 2966 886 3044 manantibus,
915 2966 1066 3031 loannem
1099 2970 1319 3052 poeniteutiam

87 3065 119 3120 et
148 3056 329 3137 baptismum
353 3055 559 3133 poenitentiae
594 3053 858 3116 inremissionem
888 3060 1087 3135 peecatorum
1121 3055 1320 3136 praedicasse

83 3142 134 3205 hit.
158 3140 188 3220 3,
216 3143 241 3203 1.
273 3141 327 3203 Mr.
354 3140 382 3219 1,
405 3139 435 3203 4.
459 3140 531 3202 Luc.
555 3137 585 3218 3,
609 3138 658 3216 3.;
693 3147 741 3201 ast
762 3138 930 3220 Josephum
953 3157 1013 3201 non
1038 3143 1069 3202 in
1092 3159 1131 3203 eo
1154 3160 1241 3205 nexu
1262 3161 1319 3225 po-

81 3229 171 3293 situm
195 3247 264 3291 cum
285 3228 421 3303 Joaunc,
445 3234 478 3288 ut
499 3225 639 3307 Apostoli
663 3231 695 3287 et
715 3224 952 3307 Evangelistae,
977 3243 1082 3289 errare
1116 3229 1259 3309 potuisse
1288 3233 1318 3291 et

81 3333 191 3377 revera
214 3332 351 3393 errasse,
371 3313 505 3395 prudeus
529 3313 661 3393 quisque
683 3308 775 3373 facile
798 3311 959 3375 concedet.

120 3529 148 3592 ⁴)
167 3526 307 3578 hlemoratu
326 3526 404 3594 dignu
422 3535 481 3578 sunt
498 3527 557 3578 loca
571 3526 624 3592 jam
643 3527 761 3592 superius
780 3524 828 3576 sub
847 3525 921 3576 litera
946 3526 974 3593 e)
993 3526 1096 3579 laudata
1114 3526 1172 3579 Act.
1190 3527 1217 3590 9,
1237 3528 1262 3578 t.
1279 3527 1319 3590 22,

166 3596 190 3646 9.
209 3605 235 3646 et
253 3596 295 3659 26,
314 3596 366 3659 ih,
394 3596 486 3664 quihus
511 3596 571 3648 addi
598 3603 684 3663 potest
709 3595 766 3645 Act.
785 3595 810 3655 9,
829 3593 871 3645 90.
897 3594 956 3646 coll.
981 3595 1320 3657 cum22‚17-21.Licet

166 3665 225 3716 loca
249 3665 314 3715 haec
339 3665 372 3714 de
399 3666 491 3717 iisdem
514 3665 593 3717 rehus
617 3665 720 3733 agentia
744 3665 770 3715 iu
793 3662 908 3730 pluribus
939 3663 1066 3730 adjunctis
1091 3680 1144 3717 non
1172 3668 1320 3719 consentire

165 3733 308 3797 videantur,
327 3743 421 3796 tamen,
442 3751 500 3785 curn
521 3734 637 3800 ejusdem
655 3736 706 3784 sint
732 3734 843 3783 auctoris
871 3735 947 3797 sacri,
971 3749 1048 3785 nemo
1073 3734 1188 3801 prudens
1207 3749 1240 3785 aa
1259 3749 1320 3786 vere

166 3802 215 3855 sihi
240 3804 410 3871 repugnantia
428 3819 488 3855 esse
515 3803 656 3865 contendit,
680 3801 807 3869 siquidem
831 3818 852 3852 s.
870 3801 964 3853 Lucam
983 3805 1137 3870 scriptorem
1155 3802 1225 3854 adeo
1244 3805 1320 3871 inep-

166 3882 218 3924 tum
237 3871 378 3923 declarare.
396 3881 425 3922 ut
441 3875 510 3939 prius
529 3889 544 3924 a
562 3888 592 3924 se
610 3873 736 3923 dictorum
764 3886 869 3938 prorsus
897 3871 991 3923 oblitus
1010 3880 1090 3937 esset,
1113 3873 1190 3924 nimis
1208 3871 1321 3924 ahsurtla

165 3942 234 3995 ieret
258 3942 400 3991 crirninatIo
425 3941 497 4008 (hinc
522 3941 641 3993 Tantalus
667 3957 680 3990 a
705 3939 782 3991 labris
810 3941 899 3991 sitiens
927 3941 1052 4008 fugientia
1081 3949 1166 4008 captat
1193 3940 1320 4007 flumina)

169 4010 268 4075 Quodsi
285 4026 349 4062 vero
368 4009 427 4061 loca
445 4010 510 4063 haec
531 4011 640 4062 diuersis
668 4009 825 4061 deberentur
849 4009 1006 4072 auctoribus,
1025 4011 1058 4063 de
1076 4011 1170 4079 pugnis
1184 4010 1254 4062 solvi
1272 4026 1321 4062 ne-

164 4080 225 4134 sciis
240 4079 295 4145 jam
319 4079 361 4130 diu
385 4078 467 4147 plenis
491 4080 608 4131 buccinis
627 4077 844 4141 conclamassent,
863 4080 907 4146 qui
925 4078 1062 4148 antilogias
1080 4082 1106 4131 iu
1124 4094 1158 4131 ss.
1177 4078 1272 4132 litteris
1290 4094 1321 4130 ex

183 4149 286 4201 roiesso
313 4156 425 4217 captant,
451 4163 538 4218 neque
562 4147 784 4211 manifestissimis,
808 4161 875 4215 quae
894 4149 957 4216 ipsis
976 4151 1056 4200 sacris
1073 4147 1145 4201 lihris
1162 4148 1262 4212 insunt,
1279 4150 1321 4200 in·

164 4166 237 4269 Kietis
264 4232 358 4284 sapere
384 4218 494 4270 hornut.
512 4246 547 4258 -
565 4216 646 4281 „Eius
664 4215 754 4279 llritilr,
781 4215 824 4267 die
842 4216 898 4268 sich
925 4217 1004 4270 daran
1023 4217 1114 4281 erlaht,
1142 4216 1321 4269 allenthalheu

162 4286 363 4353 Widersprtiche
382 4304 415 4338 zu
432 4287 529 4350 flnden,
547 4301 617 4338 musa
636 4284 692 4336 sich
710 4284 792 4336 selhst
809 4285 1064 4353 inWidersprlichen
1081 4285 1249 4339 venuickeln
1268 4285 1320 4338 und

163 4355 316 4420 vorzehren,
343 4356 411 4407 nach
435 4356 494 4407 dem
513 4354 557 4420 jus
584 4353 694 4417 talionis,
722 4353 767 4403 das
786 4353 854 4404 auch
879 4354 925 4404 aut
950 4355 1048 4407 diesem
1067 4354 1176 4407 Gehiete
1191 4354 1321 4420 jederzeit

164 4426 263 4477 seinem
280 4425 355 4476 Amte
374 4425 421 4477 der
438 4424 526 4476 liache
544 4422 677 4477 wuchsam
694 4421 834 4474 vorsteht.“
853 4422 983 4478 Theodos.
1000 4424 1120 4478 llamaeh
1137 4427 1163 4477 iu
1182 4439 1227 4492 op.
1243 4422 1320 4476 lesus

166 4493 214 4547 der
232 4492 325 4560 Christ,
343 4509 404 4563 pag.
420 4493 447 4548 2.
462 4502 534 4551 neu·

547 4620 853 4632 -ι--ωα-ι-ι*
