2834 4896
139 179 182 240 50

137 352 273 414 nonnulli
304 356 396 417 nimio
427 361 528 422 studio
560 362 652 440 ducti,
684 363 775 426 multa
798 371 950 428 momenta
973 365 1107 446 practica
1130 382 1148 424 e
1173 381 1198 428 s.
1223 365 1384 448 Scriptura

137 439 296 518 promendi
319 440 357 502 ad
380 445 621 509 aedificationem
645 452 790 513 moralem
813 451 987 513 auditorum
1008 451 1058 512 vel
1080 450 1230 513 lectorum
1253 470 1384 515 suorum

138 527 386 604 promovendam,
399 530 586 612 allegoricae
610 536 850 618 interpretationi
870 538 956 618 justo
974 536 1042 617 plus
1066 535 1272 618 indulgerent.
1296 540 1385 601 inter

137 610 232 709 posce
256 611 415 693 Oripenes,
437 618 597 681 Plrilonem
617 621 708 685 Alea.
731 633 866 699 secutus,
887 627 1011 703 primus
1033 632 1113 701 erat,
1128 625 1223 703 cuju
1245 628 1382 706 mystica

136 699 365 775 interpretandi
386 706 470 765 ratio
492 708 588 768 certis
607 711 779 788 principiis
801 710 1004 785 innitebatur,
1026 711 1102 789 puin
1124 718 1228 771 tomen
1249 711 1381 790 remi

136 783 207 857 ejus
229 783 439 848 instituendae
458 802 650 870 proponeret
670 793 718 870 Ὅ.
760 795 834 856 Cum
856 801 957 857 tamen
979 795 1011 856 in
1034 795 1278 874 expositionibus
1301 796 1379 859 alle-

136 866 251 946 goricis
283 872 417 933 nonnulli
449 877 570 938 modum
605 881 805 958 excederent,
828 887 860 943 et
881 880 931 943 hic
952 881 1005 958 ibi,
1037 881 1206 962 praecipue
1229 900 1272 945 ex
1292 889 1378 964 porte

133 950 356 1017 baereticorum
379 977 545 1040 perversae
562 982 685 1046 quoquc
707 968 1216 1048 interpretationesenascerentur,
1229 969 1375 1031 ncomm-

133 1043 182 1099 tas
205 1048 308 1119 certos
332 1062 467 1109 canones
497 1049 744 1115 hermeneuticos
774 1053 927 1115 statuendi
949 1054 1063 1116 sensim
1086 1071 1159 1115 sese
1181 1054 1374 1117 obtrudebst

177 1209 183 1222 Ι
224 1125 309 1189 Saea.
328 1128 376 1192 lV.
400 1149 424 1194 s.
447 1133 682 1215 Chrysostomus
695 1146 733 1213 (i
744 1139 836 1217 407),
850 1140 994 1221 egregius
1016 1140 1179 1218 interpres,
1192 1139 1224 1201 iu
1246 1139 1375 1207 h⁰¹¹¹ffil³

136 1227 201 1271 suis
225 1213 374 1291 quosdam
396 1220 537 1298 praebuit
559 1230 649 1285 nutus
673 1227 853 1307 exegeticus
867 1226 935 1301 lil.
957 1225 1075 1287 Eodem
1097 1227 1226 1289 circiter
1241 1236 1376 1306 tempore

221 1298 414 1380 Tycisonius,
436 1305 675 1372 Donatistarum
708 1315 876 1392 episcopus
905 1314 939 1373 s'n
960 1309 1090 1391 Africo,
1121 1321 1241 1391 septem
1272 1315 1373 1375 inter-

133 1387 324 1461 pretationis
357 1391 486 1467 reputas
515 1397 660 1474 scripsit,
683 1397 769 1478 [quas
799 1416 824 1460 s.
846 1398 1037 1480 Augustinus
1067 1397 1117 1460 lib.
1140 1397 1188 1460 lll.
1211 1414 1239 1461 c.
1262 1396 1317 1461 30.
1339 1398 1374 1461 de

138 1466 276 1531 doctrina
301 1471 464 1553 christiana
487 1484 645 1544 recensuit
667 1488 712 1558 l).

221 1554 252 1616 S.
275 1556 482 1643 Hieronymus
497 1571 538 1640 (i-
551 1569 634 1643 420)
649 1572 741 1630 etiam
762 1588 826 1631 non
848 1577 968 1631 tantum
990 1570 1155 1648 imaginem
1177 1568 1254 1631 boni
1275 1570 1375 1633 inter·

133 1644 239 1789 mlii
257 1662 346 1805 pqpe
375 1657 640 1731 repraesentavit,
673 1656 732 1717 sed
752 1665 782 1716 et
804 1657 893 1718 dotes
924 1657 995 1734 ejus
1027 1657 1130 1717 coriis
1152 1658 1375 1719 occasionibus

136 1743 224 1787 annui
320 1777 327 1791 .

170 1931 199 2001 ⁹)
223 1932 351 2006 Principia
375 1939 495 2010 Origerns
522 1945 556 1996 de
579 1961 601 1995 s.
624 1944 756 2012 Scriptura
779 1951 806 1994 et
828 1943 862 1995 de
889 1943 997 2008 mystica
1022 1941 1079 2006 ejus
1103 1943 1320 2009 interpretatione
1344 1941 1374 1993 ad

220 2010 356 2075 sequentia
381 2009 438 2062 iere
463 2012 554 2064 reduci
572 2021 693 2080 possunt:
719 2013 941 2076 Quemadmodum
965 2011 1043 2062 homo
1068 2027 1084 2062 e
1111 2026 1224 2078 corpore
1241 2020 1270 2062 et
1293 2013 1374 2063 anius

221 2083 331 2140 constat,
350 2079 385 2130 ita
403 2088 430 2130 et
446 2096 468 2137 s.
488 2081 627 2148 Scriptura,
647 2098 713 2148 opus
732 2082 864 2149 Spirituss
884 2081 989 2148 plenum
1007 2082 1134 2146 sapientia
1153 2081 1250 2145 divina,
1269 2095 1373 2133 sensum

221 2140 554 2214 historico-grammaticum
573 2159 599 2202 et
616 2150 798 2202 absconditum
816 2149 1009 2217 complectitur3
1029 2151 1055 2199 in
1073 2148 1157 2200 hocce
1175 2158 1314 2217 praeterea
1332 2148 1371 2200 di-

221 2213 389 2280 stinguendus
409 2225 449 2268 est
466 2234 558 2271 sensus
586 2219 699 2283 moralis,
718 2222 762 2288 qui
785 2234 885 2270 memus
904 2226 1043 2288 praecepta
1061 2226 1088 2269 et
1105 2219 1131 2268 in
1149 2232 1249 2287 genere
1266 2217 1374 2287 religio-

221 2295 281 2331 nem
300 2282 385 2347 docet,
404 2295 431 2337 et
450 2291 582 2353 mysticus,
607 2292 651 2358 qui
675 2292 797 2340 unionem
816 2291 917 2339 animae
942 2302 1001 2337 cunr
1018 2285 1076 2337 Deo
1095 2287 1183 2338 edicit.
1201 2286 1256 2338 llac
1273 2290 1374 2340 ratione

220 2349 306 2417 itaque
324 2369 346 2404 s.
365 2353 495 2421 Scriptura
513 2357 609 2427 ubique
628 2358 745 2410 locorum
763 2360 887 2425 tripartita
907 2365 947 2408 est
970 2370 1018 2406 seu
1036 2355 1162 2421 triplicem
1182 2372 1290 2407 sensum
1308 2371 1373 2408 con·

221 2419 293 2482 tinet,
313 2424 403 2489 quise
422 2424 508 2489 habet,
527 2436 555 2481 ut
574 2428 657 2491 ccipe,
680 2428 743 2480 νοῦς
763 2436 789 2478 et
806 2427 919 2485 nosipsi.
952 2425 983 2476 Ut
1002 2439 1095 2491 corpus
1115 2427 1215 2476 animae
1234 2441 1324 2489 causa,
1342 2426 1374 2475 ita

220 2486 293 2538 litera
312 2493 413 2557 spiritus
432 2496 513 2562 gratia
532 2496 619 2559 adest3
638 2512 718 2565 quare
735 2498 761 2547 iu
780 2496 990 2563 interpretatione
1010 2501 1036 2542 et
1053 2509 1145 2545 sensus
1163 2492 1270 2545 literalis
1289 2494 1374 2561 respi-

221 2558 329 2609 ciendus
349 2569 396 2624 est,
415 2565 459 2631 qui
477 2565 502 2614 in
520 2562 585 2615 locis
604 2565 660 2616 aliis
678 2581 771 2617 revera
789 2566 841 2615 vim
852 2564 1064 2616 etauctoritatem
1083 2561 1170 2626 habet,
1189 2564 1214 2613 ln
1234 2561 1291 2613 aliis
1310 2575 1372 2613 vero

220 2626 246 2675 in
264 2642 293 2677 se
312 2637 443 2694 spectatus
461 2632 555 2684 nullius
575 2636 697 2697 nomenti,
708 2633 812 2696 inutilis,
823 2634 873 2684 imo
890 2641 916 2684 et
927 2634 1020 2698 impius
1038 2631 1175 2694 invenitur,
1194 2648 1209 2681 a
1227 2630 1286 2682 Deo
1306 2631 1373 2682 huuc

221 2702 317 2746 tantum
335 2700 361 2749 in
380 2698 457 2752 linem
475 2705 632 2768 propositus,
652 2712 679 2754 ut
696 2703 729 2753 ad
747 2702 941 2769 profundiorem
960 2701 1108 2766 indaginem
1125 2702 1224 2751 invitet.
1242 2728 1278 2741 -
1295 2700 1372 2751 llisce

221 2766 352 2832 principiis
371 2780 562 2840 consequenter
581 2771 707 2841 Origenes
726 2773 752 2822 in
770 2770 963 2838 interpretando
982 2783 1075 2833 reapse
1094 2785 1110 2819 v
1128 2779 1220 2821 riatur.
1240 2768 1293 2822 cn.
1312 2767 1373 2837 napi

222 2826 320 2900 depuis.
345 2836 389 2891 lib.
413 2838 453 2890 tv.
478 2849 504 2892 et
528 2841 626 2910 reliqua
650 2839 710 2891 loca
734 2839 845 2892 collecta
872 2840 899 2891 in
923 2839 983 2891 edit
1004 2838 1038 2889 de
1062 2835 1087 2887 la
1111 2785 1166 2891 due
1192 2847 1217 2890 et
1240 2840 1266 2889 in
1289 2836 1374 2888 lluetii

222 2899 383 2969 Origeuianis
402 2906 445 2958 lib.
463 2908 492 2960 11.
513 2918 613 2978 quaest.
631 2909 673 2960 13.

221 2969 313 3027 llomil.
337 2977 363 3026 in
381 2976 532 3029 Jeremiam:
560 2978 636 3042 „Non
661 2978 747 3029 locum
771 2985 868 3029 tantum
887 2978 1056 3045 excutiemus,
1075 3004 1110 3016 -—
1127 2975 1175 3027 sed
1193 2982 1220 3027 et
1236 2982 1372 3026 contentus

221 3054 323 3094 omnem
348 3048 452 3111 seriem,
480 3056 506 3098 et
529 3062 577 3114 pro
604 3046 698 3117 qulbus
727 3048 795 3098 dicta
822 3048 874 3098 sint
896 3046 951 3109 illa,
970 3062 986 3097 a
1004 3063 1066 3115 quo,
1085 3044 1118 3096 ad
1137 3060 1223 3112 quem,
1241 3059 1321 3112 quarn
1338 3041 1372 3094 ob

221 3124 334 3177 causam,
354 3114 457 3182 quando
476 3125 502 3167 et
520 3117 659 3185 quomodo.
696 3116 754 3167 Non
779 3117 847 3167 enim
874 3115 971 3168 suflicit
988 3144 1022 3155 -
1039 3125 1138 3169 temere
1156 3113 1247 3165 aruba
1265 3127 1296 3163 ac
1317 3112 1372 3163 dis-

220 3188 308 3256 perpta
337 3182 484 3251 Scripturas
510 3184 624 3236 membra
652 3184 721 3236 nuda
749 3194 807 3235 eta
831 3182 932 3253 reliquo
951 3192 1021 3235 textu
1040 3187 1160 3252 serieque
1179 3183 1307 3235 sermonis
1326 3196 1372 3233 se·

216 3257 306 3311 puncta
325 3267 442 3316 sumere;
460 3252 508 3304 sed
526 3262 604 3304 totam
623 3257 717 3306 seriem
735 3253 789 3321 legi
808 3257 939 3319 oportet.“

270 3317 361 3371 lionil.
381 3321 422 3374 15.
440 3322 466 3372 in
484 3321 626 3374 loannem:
651 3322 748 3387 „lllulta
774 3338 840 3389 opus
859 3330 899 3374 est
916 3322 1057 3391 vigilantia,
1077 3336 1110 3373 ne
1128 3321 1205 3371 nudis
1221 3317 1312 3370 verbis
1329 3319 1372 3368 in·

218 3386 352 3455 ablauium
369 3391 404 3441 ita
424 3391 493 3442 enim
511 3391 634 3443 haeretici
653 3401 748 3455 emant,
767 3393 827 3443 dum
845 3406 933 3459 neque
951 3407 1059 3458 scopum
1079 3390 1197 3451 fficentis,
1216 3402 1305 3456 neque
1322 3402 1371 3437 au·

219 3452 341 3508 dientium
360 3459 481 3512 allectum
500 3475 531 3513 ex
551 3460 644 3519 lorant.
679 3461 733 3513 Nisi
759 3477 823 3528 ergo
851 3460 917 3512 haec
935 3460 1096 3524 adjiciamus,
1115 3461 1166 3509 imo
1185 3457 1236 3509 alia
1255 3471 1371 3525 quoque,

218 3530 246 3571 ut
263 3530 388 3592 tempora,
407 3528 474 3593 loca,
494 3477 637 3582 auditorum
656 3531 776 3594 animum,
798 3528 876 3580 inulta
895 3537 1088 3598 consequentur
1106 3526 1226 3578 absurda.

166 3592 197 3653 l)
216 3588 320 3658 Septem
338 3597 445 3665 regulae
465 3606 537 3649 sunt:
556 3598 579 3651 l.
598 3599 651 3663 „de
668 3598 780 3649 Domino
799 3607 826 3649 et
843 3596 898 3661 ejus
918 3602 1058 3664 corporett,
1077 3612 1125 3648 seu
1144 3596 1227 3658 deiis,
1246 3608 1316 3662 quae
1336 3590 1371 3644 ds

219 3658 319 3714 Christo
338 3665 437 3729 atejus
456 3666 568 3719 ecclesia
587 3677 613 3721 et
630 3667 663 3719 de
687 3677 773 3719 mutua
791 3667 916 3718 relatione
933 3668 1000 3718 inter
1016 3666 1084 3717 lianc
1103 3663 1216 3717 stillum
1235 3663 1372 3731 leganturp

218 3729 235 3779 2
261 3730 315 3793 „de
334 3732 437 3785 Domini
456 3751 565 3802 corpora
584 3737 733 3805 bipartitot‘,
750 3739 767 3791 i.
786 3751 810 3787 e.
830 3737 863 3787 de
887 3737 955 3788 veris
975 3742 1002 3786 et
1018 3736 1111 3802 spuriis
1136 3733 1267 3786 ecclesiae
1285 3746 1372 3783 mem·

217 3797 284 3864 bris;
303 3799 327 3853 3.
345 3803 398 3865 „de
417 3807 549 3870 promissis
568 3816 594 3858 et
610 3806 700 3875 leger,
725 3822 773 3856 seu
797 3805 914 3856 doctrina
932 3803 1028 3856 biblica
1046 3804 1080 3855 de
1098 3804 1151 3854 lide
1164 3801 1326 3869 justificante
1345 3807 1372 3852 et

217 3866 250 3918 de
270 3872 374 3939 proprio
393 3872 502 3924 hominis
520 3877 626 3943 merito;
644 3876 669 3926 t.
688 3875 742 3938 „de
761 3875 849 3940 specie
875 3881 901 3925 et
919 3877 1048 3942 genere‘⁴‚
1068 3889 1115 3923 seu
1135 3872 1168 3923 de
1186 3872 1226 3934 ils,
1247 3884 1316 3989 quae
1335 3866 1368 3920 ad

217 3938 335 4003 singulos
347 3941 458 4008 populos
469 3952 571 4011 atquae
584 3944 616 3994 ad
632 3945 760 4011 integrum
793 3958 857 3994 enus
877 3941 1014 3993 humanam
1033 3949 1165 4007 spectant3
1183 3941 1208 3990 5.
1228 3977 1246 4002 „
1267 3952 1282 3989 e
1300 3946 1370 3989 tem-

217 4006 351 4073 poribust‘,
371 4013 387 4066 i,
407 4027 430 4063 e.
449 4013 572 4063 institutio
591 4012 622 4063 ad
642 3960 814 4064 rernovendas
833 4011 998 4064 difficultates
1018 4010 1154 4062 historicas
1173 4008 1254 4059 relate
1273 4007 1307 4057 ad
1326 4007 1370 4056 di-

216 4092 305 4128 versaa
324 4088 466 4147 temporum
486 4081 726 4143 determinationes;
749 4081 774 4136 6.
795 4080 847 4144 „de
865 4079 1112 4148 recapitulatione“,
1131 4093 1177 4130 seu
1196 4076 1230 4127 de
1246 4077 1289 4139 iis,
1303 4090 1371 4143 quae

216 4160 278 4197 ase
297 4149 408 4200 invicem
434 4150 522 4201 dissita
545 4152 569 4201 in
592 4167 612 4200 s.
638 4149 680 4200 Sc.
713 4148 807 4215 eonjun
845 4157 913 4212 ntur,
938 4157 964 4200 et
986 4148 1118 4217 quomodo
1137 4144 1282 4213 separanda
1302 4147 1370 4205 sint3

217 4214 240 4265 7.
260 4254 277 4279 „
297 4216 329 4269 de
348 4218 452 4269 diabolo
472 4228 498 4269 et
517 4217 571 4285 ejus
584 4222 723 4284 corpore,“
742 4232 789 4268 seu
826 4217 976 4269 comnibus
994 4218 1034 4280 iis,
1053 4232 1120 4285 quae
1139 4217 1165 4266 in
1184 4230 1218 4265 ss.
1236 4213 1318 4264 literis
1337 4211 1371 4261 de

216 4283 319 4337 diabolo
339 4286 448 4357 ejusque
465 4302 548 4356 regno
567 4286 695 4354 leguntur.
723 4282 794 4352 Opus
812 4285 862 4337 hoe
880 4284 1005 4351 Tychonii
1023 4287 1150 4336 invenitur
1168 4284 1193 4333 in
1211 4281 1371 4332 bibliotheca

216 4370 280 4406 anax.
317 4354 419 4407 Petrum
437 4365 498 4407 tom.
516 4356 556 4407 Vl.
575 4371 608 4421 pa
629 4393 634 4405 .
653 4354 694 4405 ta.
714 4370 786 4423 seqq.
804 4354 840 4405 Lu
860 4353 884 4405 d.
904 4354 979 4405 1677.
1174 4400 1179 4411 ,

151 4423 198 4485 ἦ)
218 4422 269 4474 t'lr.
288 4424 363 4478 Liber
381 4427 559 4493 quaestionum
577 4371 755 4479 hebraicarum
778 4423 804 4475 in
851 4425 951 4489 anesin,
969 4421 1003 4474 de
1020 4420 1167 4473 nominibus
1186 4425 1212 4470 et
1228 4417 1296 4469 locis
1316 4416 1366 4467 he-

214 4492 320 4555 braicis3
338 4508 379 4559 ep.
399 4493 432 4544 ad
456 4492 644 4545 Pammachium
676 4492 720 4555 de¹
734 4492 831 4559 optimo
858 4506 957 4559 genere
978 4488 1180 4559 interpretandi;
1198 4502 1240 4555 ep.
1260 4486 1293 4538 ad
1314 4487 1367 4536 Su-

215 4565 281 4612 nium
301 4569 326 4612 et
343 4561 493 4619 Fretellam:
513 4560 637 4627 praelatio
651 4562 676 4611 in
695 4558 740 4611 Xll
754 4558 902 4626 prophetas,
920 4561 946 4611 in
964 4557 1078 4619 loeium,¹
1100 4560 1125 4608 in
1143 4565 1255 4623 quatuor
1273 4569 1368 4620 evang.

214 4633 248 4680 ael
266 4631 404 4680 llnniasnm
424 4639 448 4682 et
468 4629 523 4682 alia.

159 2967 203 3032 ”l
