2834 4896
108 215 151 278 58

675 391 703 456 3.
726 383 777 445 29.

106 523 145 592 A)
164 521 204 572 De
222 520 338 582 fontium,
358 534 373 570 e
391 519 484 587 quibus
504 533 565 568 usus
584 515 707 586 loquendi
726 518 830 585 linguae
854 525 986 571 emortuae
1011 520 1186 586 cognoscitur,
1208 529 1352 575 momento.

192 662 345 725 Fontium·
368 663 601 724 nominatorum
633 670 820 723 momentum
850 679 887 723 eo
921 663 1054 742 pacton
1086 671 1145 739 est,
1173 682 1237 743 quo
1260 669 1352 727 auti·-

106 751 234 832 quiores
256 756 340 822 sunt,
373 767 433 828 quo
466 749 628 827 pleniores
662 767 700 809 oc
732 749 837 809 minus
858 750 1000 829 suspecti
1022 749 1061 810 ele
1076 750 1200 828 judicii
1216 753 1348 833 proprii

105 856 167 899 usu
188 854 246 898 seu
269 836 306 897 de
326 836 388 913 fide
411 835 508 896 laesa.

197 939 230 1017 1.Ι
246 936 374 999 Scholia
396 945 427 999 et
446 937 702 1018 qlossoejomec
721 942 814 1014 porte
837 937 1038 1017 antiquitatis
1052 939 1181 1016 saepius
1204 940 1347 1003 manime

104 1026 243 1106 pandent
263 1025 460 1099 auctoritate,
482 1025 639 1102 quianon
660 1039 737 1083 raro
757 1041 798 1082 ee
818 1041 856 1084 eo
874 1032 986 1100 aetate,
1008 1041 1071 1105 qua
1091 1023 1166 1085 libri
1185 1025 1253 1104 ipsi
1273 1032 1349 1088 sunt

106 1113 230 1190 scripti,
242 1119 298 1172 aut
308 1129 370 1172 non
383 1111 479 1170 multo
493 1108 664 1170 recentiori
686 1108 887 1169 descendunt.
910 1109 969 1170 Ast
989 1119 1133 1188 respectu
1150 1109 1309 1172 ubertatis
1318 1118 1347 1173 et
1366 1166 1370 1175 .

106 1196 181 1273 fidei
194 1197 324 1258 lenioris
335 1204 409 1258 sunt
416 1194 579 1274 ponderis,
592 1212 662 1256 cum
676 1199 712 1267 a)
726 1195 855 1254 nonnisi
866 1194 1021 1256 uocabula
1030 1194 1168 1257 obscuro
1178 1197 1348 1277 explicent,

105 1282 333 1362 biplerumque
345 1281 443 1342 solum
455 1287 615 1354 testentur,
625 1297 689 1359 qua
701 1281 735 1341 in
746 1281 975 1359 siqnificotione
986 1280 1174 1343 vocobulum
1188 1282 1344 1363 quoddam

104 1377 191 1430 certo
204 1366 528 1448 temporeadbibitum
539 1368 590 1440 sit,
603 1375 633 1427 et
643 1371 678 1441 c)
689 1384 752 1427 non
764 1384 840 1427 roro
859 1368 1000 1445 neqlecto
1021 1385 1082 1429 risu
1100 1367 1248 1447 loquendi
1266 1387 1345 1430 con·

104 1462 223 1516 tentum
246 1461 438 1533 sequantur;
460 1469 530 1513 narn
553 1451 718 1515 scholiasta
749 1457 780 1513 et
809 1452 967 1534 glossator
996 1470 1058 1513 non
1082 1470 1188 1514 omnes
1213 1470 1343 1515 enume-

103 1544 172 1600 rant
193 1557 304 1600 vocum
326 1538 527 1620 significatus,
552 1537 607 1599 sed
640 1538 820 1618 plerumque
852 1545 966 1601 tantum
990 1537 1124 1615 edicunt,
1148 1538 1222 1619 quid
1243 1556 1343 1602 voca-

103 1625 205 1686 buium
229 1625 289 1686 hoc
311 1623 424 1687 illudve
456 1625 487 1685 in
519 1629 666 1687 contextu
699 1623 861 1707 significet,
893 1643 984 1706 quern
1014 1624 1119 1707 glossa
1150 1624 1200 1686 vel
1223 1625 1342 1688 scholio

102 1709 268 1786 illustrant;
292 1728 386 1792 quare
416 1710 507 1772 etiam
536 1711 615 1773 hanc
644 1710 765 1772 illamve
789 1710 1042 1792 significationem
1066 1711 1224 1792 cujusdam
1246 1712 1342 1790 vocis,

102 1814 182 1877 quae
216 1798 373 1858 contextui
400 1797 514 1878 optime
538 1796 703 1858 convenire
736 1795 906 1876 videbatur,
939 1797 999 1859 hoo
1031 1797 1063 1858 in
1090 1795 1161 1858 loco
1192 1796 1340 1881 adoptare

102 1889 252 1962 poterant,
275 1883 347 1945 lieet
368 1882 519 1945 vocabulo
542 1883 612 1945 huie
635 1901 697 1944 non
720 1883 900 1945 conveniret
932 1882 963 1944 vi
996 1900 1070 1944 usus
1094 1882 1252 1964 loquendi,
1277 1883 1340 1948 sal-

101 1975 163 2030 tem
185 1987 248 2031 nen
269 1968 348 2031 illius
373 1969 529 2051 temporis,
554 1986 615 2049 quo
637 1969 717 2030 liber
738 1969 804 2051 ipse
828 1975 876 2031 est
898 1969 1040 2051 scriptus.

189 2071 330 2135 Ceterum
353 2073 433 2135 inter
455 2072 616 2136 scholiaet
629 2070 753 2154 glossas
771 2072 831 2134 hoe
854 2071 1036 2135 discriminis
1060 2072 1217 2135 statuitur:
1241 2070 1342 2137 Scho-

100 2157 140 2219 lia
164 2165 353 2240 occupantur
375 2158 578 2221 illustratione
606 2156 839 2234 vocabulorum,
871 2178 951 2239 quae
983 2159 1022 2221 ob
1057 2165 1235 2222 contextum
1258 2159 1343 2222 diiii-

102 2243 240 2306 ciliorem
263 2244 396 2307 obscura
429 2251 509 2322 sunt,
542 2249 574 2305 et
603 2243 697 2306 rebus
728 2243 802 2324 ipsis
826 2244 1016 2326 explicandis
1039 2263 1110 2308 raro
1134 2263 1260 2326 operam
1284 2264 1341 2308 na-

99 2336 189 2405 vant;
213 2328 338 2412 glossae
360 2348 436 2392 vero
466 2329 589 2392 nonnisi
621 2348 657 2392 ea
690 2330 853 2411 explicant,
891 2348 971 2413 quae
994 2331 1034 2394 ob
1058 2332 1270 2414 antiquitatem
1292 2331 1341 2395 vel

102 2416 259 2478 raritatem
282 2434 356 2479 usus
380 2436 443 2480 non
465 2423 536 2479 sunt
558 2422 606 2479 sat
628 2416 721 2480 clare.
1034 2412 1040 2421 ’

185 2520 216 2582 2.
238 2519 359 2582 Lectica
380 2540 487 2583 omnes
509 2520 759 2600 complectuntur
781 2519 906 2598 linquae
929 2520 1079 2592 divitiam
1101 2539 1176 2582 nam
1197 2538 1263 2581 non
1285 2520 1339 2582 in-

100 2605 219 2683 dicant,
251 2625 330 2686 quoe
359 2608 551 2687 siqnificatio
582 2605 715 2669 vocibus
743 2607 777 2668 in
808 2605 860 2666 bis
890 2606 941 2666 ael
968 2607 1034 2667 illis
1069 2607 1158 2684 locis,
1181 2606 1241 2667 sed
1261 2621 1342 2685 quae

99 2692 214 2753 iisdem
235 2693 269 2753 in
290 2711 403 2772 qenere
426 2693 627 2765 conueniant,
651 2701 680 2754 et
701 2692 754 2753 nel
770 2699 940 2772 propterea
961 2694 1065 2754 minus
1087 2700 1236 2772 suspecta
1257 2698 1341 2768 sunt,

98 2795 137 2838 ne
159 2778 259 2855 maqis
282 2785 448 2840 contectus
469 2780 624 2839 rationem
658 2777 833 2853 inbuerint,
856 2796 950 2857 quam
970 2797 1050 2841 usus
1074 2778 1223 2858 loquendi
1232 2799 1246 2851 ;
1269 2778 1342 2838 dein

100 2862 215 2937 boica,
239 2865 351 2926 saltem
372 2865 465 2942 bono,
487 2866 623 2927 innuunt
653 2867 748 2927 etium
776 2872 908 2943 tempus,
931 2882 992 2944 quo
1015 2865 1075 2926 boe
1097 2865 1211 2927 illucue
1234 2864 1341 2943 siqni-

98 2949 266 3026 ficutiones
294 2951 521 3014 uocabulorum
551 2952 618 3014 sint
646 2958 831 3029 usurpatae,
870 2952 943 3012 dum
971 2946 1155 3032 plerumque
1187 2957 1341 3012 auctores

99 3037 273 3098 nominant.

187 3139 218 3202 3.
245 3139 413 3202 Versicnes
445 3158 485 3202 oc
517 3138 736 3203 commentarii
767 3138 884 3201 intuitu
915 3138 1071 3201 ubertatis
1093 3148 1124 3201 et
1142 3139 1219 3218 fidei
1242 3138 1340 3199 etiam

98 3225 269 3306 interiores
301 3233 379 3288 sunt
406 3226 530 3303 lenius,
551 3234 591 3288 et
625 3225 751 3306 quidem
779 3224 888 3286 eadem
916 3243 959 3286 ec
981 3241 1091 3301 causo,
1114 3244 1155 3288 ee
1177 3242 1243 3305 qun
1263 3223 1344 3287 boec

97 3313 229 3374 seboliia
262 3319 294 3373 et
322 3312 441 3393 plessis
472 3311 709 3392 praeferuntur.
754 3307 977 3373 Commentarii
1005 3319 1111 3372 nutent
1138 3310 1345 3372 versionibus

96 3404 274 3479 praestant,
297 3398 384 3478 quod
401 3398 500 3478 plura
521 3398 667 3478 eaemplu
688 3396 870 3476 adserendo,
887 3396 1001 3477 quibus
1018 3396 1248 3476 explicationes
1263 3414 1344 3458 suas

100 3482 311 3563 comprobent,
334 3491 366 3544 et
387 3485 427 3546 ab
450 3481 689 3564 acceptionibus
718 3482 886 3559 vindicent,
917 3485 1037 3563 partim
1055 3482 1149 3561 fidem
1170 3500 1266 3544 suom
1289 3483 1345 3544 lu-

98 3570 257 3631 culentius
279 3576 506 3648 contestantur,
530 3570 661 3649 ideoque
683 3569 788 3630 minus
810 3570 950 3648 suspecti
970 3575 1047 3631 sunt
1068 3569 1106 3630 de
1122 3568 1241 3647 judieii
1261 3586 1344 3648 pro-

94 3656 162 3737 prii
182 3671 265 3724 usu,·
287 3656 405 3731 partim
425 3655 609 3734 ampliorem
635 3659 790 3735 praebent
812 3655 937 3734 linquae
959 3655 1179 3735 coquitionem,
1202 3654 1346 3734 adeoque

95 3740 170 3819 fons
191 3739 322 3802 uberior
342 3747 427 3815 suut,
461 3759 554 3820 quum
588 3741 752 3803 versiones
794 3740 838 3801 ad
857 3758 951 3801 usum
973 3740 1120 3820 loquendi
1141 3758 1344 3820 coquoscen-

97 3826 181 3890 dum.
226 3824 397 3885 Praetereo
419 3826 453 3886 in
475 3825 675 3888 versionibus
697 3825 918 3887 attendendum
939 3833 997 3902 est,
1019 3835 1126 3888 utrum
1136 3828 1344 3907 incorruptae

97 3912 142 3973 od
162 3929 223 3973 nos
242 3911 455 3991 pervenerint,
479 3912 552 3972 item
574 3930 617 3972 an
637 3930 702 3973 non
732 3909 802 3989 fors
831 3911 929 3973 oliam
950 3919 1054 3974 tentus
1089 3910 1260 3992 oriqinalis
1294 3913 1345 3974 te-

98 3999 233 4060 ctionem
253 4004 380 4059 secutoe
401 3997 476 4071 sint,
500 4015 538 4057 oc
561 4014 654 4077 quone
686 4014 745 4059 nos
767 3996 861 4059 bodie
892 4006 1042 4075 tenemus,
1075 3998 1128 4060 cui
1155 3997 1346 4060 dubitationi

96 4083 315 4145 commentarii
335 4083 440 4142 minus
462 4080 594 4143 obnoxii
614 4090 699 4159 sunt,
722 4083 798 4161 quio
816 4084 936 4161 purtim
956 4103 1020 4146 non
1043 4092 1106 4148 tam
1122 4082 1223 4160 focile
1245 4084 1345 4146 adul-

97 4170 197 4232 terari
218 4170 330 4246 solent,
349 4169 468 4248 purtim
491 4167 661 4243 lectionem,
691 4184 785 4246 quam
807 4177 989 4248 sequuntur,
1009 4169 1194 4250 plerumque
1220 4169 1342 4232 diserte
1376 4190 1381 4197 ·

98 4264 349 4330 commemorant,
381 4255 432 4317 ael
463 4254 529 4316 eliu
563 4254 685 4316 ratione
713 4251 854 4331 facilius,
887 4268 981 4334 quum
1013 4258 1189 4331 versiones,
1219 4274 1343 4335 coqne-

100 4339 250 4402 scendom
269 4341 430 4420 pruebent.

82 4534 120 4568 h
