2834 4896
83 101 272 169 necessitate
293 101 375 167 uuita
397 101 599 185 mgentem!
620 100 701 179 silet,
723 101 774 165 vel
794 120 839 169 eo
857 102 988 169 esuritio
1021 104 1206 171 mendaeem
1238 104 1323 187 iacit,

83 198 115 255 ut
135 188 214 253 illud
234 186 352 252 refutet
372 195 426 253 aut
446 188 556 251 saltem
576 189 737 271 improbet.

137 316 142 323 -
167 280 206 355 c)
227 274 267 338 st
284 274 409 355 prefert
439 276 625 339 sententiam
656 293 721 337 noa
753 284 865 357 sponte
884 276 1010 358 qmdem
1029 278 1101 355 sud,
1122 284 1262 343 atamen
1282 279 1325 343 ab

81 362 241 443 ejusmodi
261 361 438 424 bominibus
459 363 682 441 iuterropatas‚
696 378 828 442 quarum
849 381 914 425 non
934 365 1039 425 minus
1054 382 1094 427 ae
1111 383 1173 426 sua
1193 366 1327 429 msaimi

80 453 217 512 interest
237 467 314 512 cera
334 467 534 529 eopnoscere,
567 449 641 529 quia
670 450 814 512 ueritatis
835 450 1085 512 dissimulatione
1108 453 1211 513 errari
1234 452 1325 532 lonpe

81 537 206 616 lateque
226 536 390 615 mussanti
411 536 499 614 eique
521 536 633 597 aoeieo
649 536 769 615 aperiri
784 545 921 615 portam,
934 538 1216 616 persuasissimum
1232 538 1327 602 babet

80 621 271 704 (Applicatio
294 619 333 683 ad
353 620 470 699 besum,
490 619 659 701 Apostolos
682 625 714 683 et
734 620 810 683 ulios
833 620 999 696 homines).

165 708 208 784 d)
230 704 268 769 Si
290 707 329 769 de
350 707 459 769 eadem
480 726 515 769 re
536 707 668 785 saepius
688 707 861 778 disserens,
881 707 1051 788 etquidem
1073 726 1183 771 coram
1203 710 1325 773 diversi

79 795 210 877 pesteris
230 792 431 855 auditoribus
463 795 648 857 sementiam
668 811 760 856 mam
788 812 948 874 nunqnam
968 803 1075 874 mutat,
1097 814 1196 876 neque
1216 804 1327 859 nutum

79 880 249 962 quemdam
267 877 480 960 praebetque
502 880 665 956 indicaret,
686 880 751 941 sibi
771 880 930 943 meliorem
944 881 1049 943 inesse
1067 882 1328 962 persuasionem·

82 965 199 1030 etenim
231 981 430 1047 praesumere
464 963 554 1043 lieet,
588 963 783 1046 loquentem,
815 966 867 1048 qui
895 964 977 1030 iorte
1005 984 1065 1029 una
1098 966 1234 1029 alterave
1255 967 1325 1031 mee

83 1070 191 1116 coram
215 1056 300 1115 certo
323 1050 475 1113 auditorio
497 1068 604 1115 veram
625 1051 807 1114 sententiam
829 1069 915 1115 suam
937 1051 1063 1116 edicere
1096 1052 1326 1135 prohibebatur,

85 1138 217 1203 eandem
230 1136 382 1201 auditorio
399 1143 513 1201 mutato
528 1136 626 1200 libere
638 1136 743 1218 eloqui
758 1138 897 1219 potuisse
910 1145 942 1203 et
951 1157 1064 1202 revera
1078 1139 1230 1203 elocutum
1243 1158 1326 1203 esse.

175 1222 286 1287 bontra
319 1241 395 1286 vero
426 1223 453 1287 si
486 1222 638 1305 eJusmodi
669 1224 817 1306 principia
847 1242 884 1287 ae
912 1225 1101 1308 praemissae
1132 1243 1149 1290 a
1179 1225 1326 1306 loquente

89 1311 171 1373 clare
190 1310 368 1393 propositae
390 1316 522 1388 exstant,
545 1309 727 1392 quibuscum
742 1316 828 1374 certa
849 1311 1003 1374 sententiat
1026 1311 1183 1375 conciliari
1204 1313 1327 1394 nequit3

86 1396 114 1461 si
135 1396 289 1460 sententia
317 1396 385 1478 ipsa
417 1396 456 1459 ab
479 1395 546 1459 aliis
573 1396 637 1479 jam
669 1402 735 1457 erat
756 1395 874 1477 prolata
898 1403 950 1460 aut
970 1398 1012 1461 ita
1035 1404 1191 1480 compertu
1213 1406 1272 1478 est,
1293 1405 1329 1461 ut

85 1483 223 1547 omnium
245 1500 406 1547 assensum
428 1500 465 1546 se
486 1483 615 1546 laturum
638 1499 710 1545 esse
733 1489 841 1545 auctor
868 1482 1051 1565 praevidere
1072 1486 1187 1565 possim
1210 1485 1237 1547 si
1260 1484 1327 1567 quis

83 1576 205 1633 tantum
220 1568 315 1633 veluti
331 1587 388 1651 per
410 1575 604 1633 transennam
621 1570 803 1632 sententiam
820 1569 980 1649 quamdam
998 1568 1130 1651 prelert;
1147 1571 1173 1633 si
1191 1570 1223 1631 in
1239 1571 1329 1634 relu-

83 1655 180 1719 tando
211 1661 366 1733 versatur,
400 1662 452 1717 aut
479 1652 544 1715 κατ’
575 1647 739 1733 ἄνθρωπον
771 1673 829 1719 seu
852 1674 892 1718 ex
915 1656 1074 1720 concessis
1098 1655 1239 1737 disputat,
1265 1674 1327 1737 quc

83 1741 115 1805 in
139 1760 217 1805 casu
246 1740 371 1804 ulterius
402 1741 616 1824 persuasione,
649 1747 717 1805 utut
743 1739 830 1820 ialsa,
852 1742 908 1805 niti
928 1742 1022 1818 lieet3
1044 1743 1072 1805 si
1093 1741 1224 1823 loquens
1248 1742 1330 1807 dieta

83 1847 141 1892 suu
164 1846 223 1911 pro
246 1826 368 1892 diversa
392 1826 563 1891 auditorum
579 1833 611 1890 et
625 1826 775 1891 lectorum
798 1829 953 1911 cogitandi
975 1827 1188 1910 sentiendique
1209 1828 1330 1893 rabone

83 1915 116 1978 in
139 1914 313 1979 substantia
334 1914 442 1991 sanat,
465 1921 498 1977 ct
519 1932 598 1995 quae
621 1920 693 1978 sunt
715 1912 986 1996 similiazloquens
1008 1915 1117 1979 saltem
1137 1935 1202 1979 non
1223 1915 1333 1980 debuit

84 2019 102 2064 e
124 2018 184 2065 sua
204 2001 358 2064 sententia
378 2001 472 2064 verba
494 1999 645 2082 proferre,
668 2006 701 2063 et
722 2000 775 2082 qui
796 2002 981 2065 conbarium
1003 2009 1172 2081 assereret,
1195 2002 1329 2066 demon-

86 2094 189 2153 strare
210 2087 242 2151 id
264 2087 393 2170 primum
416 2087 554 2150 deberet.

557 2278 865 2297 -ῳ

596 2508 747 2607 capnt
781 2508 822 2590 Ι.

418 2663 465 2728 De
488 2661 666 2727 condiano
688 2659 844 2745 loquentis
866 2665 1005 2725 externa.

661 2857 690 2927 ὓ.
713 2848 763 2914 70.

92 2995 158 3060 Quid
181 2993 216 3047 sit
242 2989 358 3044 candido
384 2987 513 3058 loquentis
538 2994 659 3051 samma,
683 2995 710 3039 et
727 2999 795 3108 ppetuu
818 2984 955 3037 commoda
982 2983 1038 3049 ejus
1062 2984 1175 3052 copritic
1200 2984 1334 3052 interpreti

654 3069 730 3124 praes
769 3091 776 3105 .
900 3080 911 3094 ·

177 3206 243 3269 Per
277 3201 485 3267 caudibonem
520 3199 675 3282 loquentis
696 3208 858 3263 emmaum
879 3198 985 3261 omnia
1005 3195 1232 3276 inteitipuntur,
1253 3215 1334 3279 quae

91 3294 218 3376 quidem
239 3298 332 3353 aetra
352 3291 491 3351 animum
524 3287 679 3367 loquentis
701 3287 775 3363 sita,
809 3303 880 3348 eum
900 3284 970 3363 ejas
992 3284 1237 3364 enodationibus
1257 3302 1334 3347 cero

92 3380 252 3459 animique
274 3375 380 3438 sensis
402 3393 441 3437 ac
462 3373 599 3436 motibus
620 3375 763 3435 oratione
797 3369 1009 3449 manifestatis
1029 3371 1064 3432 in
1086 3371 1144 3432 tali
1167 3390 1251 3433 nsua
1269 3389 1336 3450 po-

92 3469 156 3530 sita
189 3469 274 3539 sunt,
303 3468 340 3523 ut
360 3460 437 3523 baec
460 3462 533 3541 ipsa
562 3460 628 3520 siae
664 3458 791 3520 illoram
821 3456 936 3519 notitia
966 3462 1022 3518 eat
1048 3456 1145 3536 plane
1176 3475 1250 3532 non,
1280 3462 1337 3518 aut

93 3554 286 3617 saltem-non
299 3548 391 3628 plene
405 3566 443 3609 ae
459 3545 596 3627 perfecte
615 3545 764 3624 copnoeei
774 3544 910 3623 possint.
933 3576 975 3589 -
998 3539 1065 3603 Huc
1078 3542 1143 3623 jam
1164 3542 1335 3623 pertinent:

181 3637 211 3699 1.
233 3632 341 3712 Aetas,
360 3634 471 3713 patria
492 3640 523 3693 et
544 3633 652 3712 linpua
675 3631 839 3710 loquentis.

179 3721 303 3785 llaeece
335 3720 499 3799 interpreti
533 3725 609 3779 nota
640 3735 710 3779 esse
743 3715 872 3788 debere,
905 3713 978 3777 inde
997 3723 1104 3794 patet,
1136 3713 1213 3793 quia
1242 3729 1336 3775 secus

93 3811 201 3874 multis
211 3807 287 3871 aliis
301 3805 548 3869 bermeneuticee
560 3803 772 3879 adminiculis,
784 3802 828 3864 ad
837 3818 964 3865 sensum
974 3800 1191 3863 inveniendum
1201 3800 1336 3862 manime

93 3894 298 3969 necessariis,
315 3891 413 3971 plane
435 3891 665 3953 destitueretur.
695 3886 776 3950 Nam
797 3889 827 3950 si
847 3889 1011 3968 ipnoraret

180 3984 220 4056 a)
242 3977 399 4051 Aetatem,
422 3994 485 4057 qua
518 3976 648 4055 loquens
679 3974 732 4038 eet
752 3976 826 4038 eiea
857 3992 952 4051 eoee,
974 3970 1027 4034 eet
1056 3969 1176 4049 scripto
1198 3971 1338 4049 capitata

94 4084 251 4146 sensaque
273 4082 336 4126 sua
356 4061 579 4141 manifestavit,
602 4068 728 4123 careret

182 4158 219 4224 a)
238 4148 382 4231 perfecta
415 4148 558 4227 linques,
582 4164 645 4227 qua
677 4147 807 4227 loquens
828 4163 907 4207 usus
936 4149 1001 4220 est,
1033 4142 1230 4221 capnitione,
1262 4144 1337 4223 quia

95 4240 310 4314 mutationum,
331 4252 390 4316 pes
410 4233 578 4297 decursum
598 4235 748 4313 temporis
767 4231 934 4311 foetorum,
962 4228 1116 4292 rationem
1138 4228 1251 4291 babere
1273 4246 1337 4290 aaa
