2834 4896
121 194 184 260 152

116 377 231 450 tropus,
254 376 293 431 ct·
308 386 371 445 res,
394 386 475 449 quac
497 375 587 449 tropo
609 368 773 449 improprio
797 365 978 443 indicantur,
1002 365 1081 431 nme
1105 380 1179 431 raro
1199 366 1365 493 mffiiplex

116 474 188 519 csse
211 458 328 537 possit:

120 586 126 593 -
201 542 232 605 3.
255 545 298 605 ad
319 561 411 605 asam
432 542 581 620 loquendi
600 539 828 616 attenderam
848 557 913 601 non
935 538 1101 615 ducebar,
1119 540 1204 605 ande
1226 502 1366 607 Μ

115 636 192 693 sant
213 630 315 708 tropi,
337 629 542 691 Orientalium
576 627 736 706 capitondi
767 625 981 705 conitiendiqae
1000 629 1156 689 ennom
1178 627 1362 709 inoratipsp,

116 734 137 777 n
158 724 272 777 nosne
293 716 378 777 baad
399 731 475 775 roro
499 715 663 775 diversans.
697 711 748 775 Sic
771 713 848 790 tropi
872 712 974 773 biblici
997 711 1036 773 ab
1059 711 1267 777 anlwrrntibas
1288 712 1361 793 qui-

115 800 244 865 basdam
266 801 405 876 desumti,
429 805 460 861 et
482 798 520 861 ad
544 806 678 861 nostram
701 797 856 879 cogitandi
879 798 1028 859 rationem
1051 798 1153 860 exacti
1174 797 1360 861 indecentes

117 902 153 949 se
176 886 297 949 ridiculi
318 886 538 961 videniur3ast
560 885 638 967 apud
664 885 804 964 antiquos
817 883 975 947 Hebraeos
992 883 1070 945 baec
1093 884 1238 951 animalia
1258 884 1360 967 anagni

115 971 313 1049 habebantur,
337 972 470 1051 hincque
491 972 570 1052 tropi
593 972 630 1033 ab
648 970 741 1034 ¹hisce
762 970 883 1050 repetiti
907 970 944 1031 ad
968 970 1115 1031 orationis
1144 969 1259 1035 luminu
1283 986 1357 1051 per-

116 1058 262 1122 tinebant.
311 1058 362 1122 Sic
396 1058 466 1120 dum
501 1058 612 1120 Genes.
646 1056 698 1131 49,
732 1055 781 1118 14.
818 1056 959 1118 issachar
994 1055 1106 1117 dicitur
1137 1056 1244 1123 asiam
1277 1056 1357 1119 essu

116 1143 310 1220 (robustus),
332 1143 573 1219 recordandum,
608 1144 724 1204 asinum
748 1142 827 1222 apud
851 1140 1022 1204 Omentalea
1045 1141 1151 1223 magni·
1168 1158 1249 1207 esec
1267 1140 1357 1205 lnnbie

116 1237 188 1306 tum,
211 1231 370 1310 fuisseque
391 1231 553 1311 imaginem
575 1229 708 1306 roboris,
741 1228 916 1327 patientiae,
939 1228 1024 1326 pacis
1046 1226 1093 1302 ι).
1114 1261 1157 1273 -·
1178 1226 1260 1299 Quia
1284 1244 1357 1291 veno

117 1317 207 1381 oliam
229 1328 286 1396 pr'o
308 1334 366 1378 usu
388 1315 533 1395 loquendi
556 1314 769 1396 significatio'
760 1314 923 1394 impropria
946 1314 1028 1375 varia
1052 1330 1126 1377 esse
1138 1314 1264 1393 ·,potebt

197 1404 233 1467 i.
255 1410 434 1464 contectum
456 1404 613 1481 respicias
635 1403 805 1474 docentem,
829 1418 908 1480 quoe
930 1418 948 1462 c
967 1399 1117 1480 pluribus
1136 1398 1356 1465 amandae

115 1488 177 1613 irate-
196 1499 280 1595 certo
303 1491 336 1550 in
359 1489 429 1550 ioco
451 1490 494 1550 sit
511 1488 723 1568 praeferenda
745 1485 814 1548 coll.
838 1492 868 1560 s.
893 1485 942 1549 59.
1215 1518 1239 1549 -,
1346 1502 1350 1545 ι

468 1727 513 1789 De
536 1730 710 1807 impropria
733 1726 858 1787 distendi
880 1714 1029 1787 ratione
1056 1714 1060 1721 ’

537 1883 574 1960 2)
598 1883 628 1945 in
655 1882 807 1945 continuis
832 1880 931 1943 dictis.

683 2016 711 2145 ι.
735 2069 786 2132 88.

550 2202 752 2257 Observationes
771 2186 917 2269 generales.

200 2350 301 2432 inopi,
325 2349 364 2412 de
387 2348 498 2431 quibus
518 2349 551 2411 in
583 2349 841 2431 praecedentibus
872 2356 938 2411 crat
959 2365 1072 2425 senno,
1095 2347 1196 2431 me'gis
1216 2348 1355 2413 minusve

111 2436 214 2501 locum
236 2438 349 2501 babent
370 2437 401 2498 in
423 2435 551 2518 singulis
575 2436 826 2517 expressionibus
850 2442 881 2496 et
904 2453 1008 2498 carum
1042 2434 1232 2499 notionibus.
1277 2435 1355 2499 Fieri

113 2530 212 2585 autem
237 2524 327 2602 solet,
349 2530 383 2586 ut
404 2541 467 2584 non
488 2529 602 2585 tantum
624 2523 767 2604 integrae
788 2523 970 2599 sententiae,
994 2520 1049 2584 sed
1073 2521 1166 2583 etiam
1190 2523 1353 2585 continuae

114 2611 333 2691 cogitationum
356 2609 453 2671 series
476 2608 647 2689 impropriis
671 2609 793 2670 dicendi
820 2607 916 2670 modis
950 2615 1168 2690 proponantur,
1193 2610 1303 2689 quales
1324 2609 1353 2669 in

113 2713 155 2757 ss.
178 2696 275 2757 literis
297 2701 477 2757 occurrunt.
502 2696 682 2773 olleporiae,
718 2696 873 2774 inrupisse
895 2714 934 2757 oc
956 2695 1190 2772 similitudines,
1212 2696 1353 2777 symbolo

113 2790 144 2844 et
166 2783 242 2861 typi,
261 2780 437 2880 parobolae
459 2789 489 2841 et
508 2780 645 2859 fabulae.

199 2864 328 2928 licet'
308 2886 380 2944 June
409 2867 486 2928 beree
518 2866 643 2928 dicendi
675 2885 791 2968 ponera
813 2884 834 2928 a
855 2886 890 2928 se
912 2869 1045 2929 invicem
1077 2834 1235 2948 differant,
1259 2877 1295 2930 nt
1314 2886 1352 2929 ec

113 2953 345 3032 definitionibus
379 2972 486 3013 eornm
507 2953 643 3032 patebit,
673 2956 707 3015 in
729 2953 928 3033 sequentibus
962 2964 1065 3016 tomen
1098 2957 1304 3029 conveniunt,
1325 2961 1352 3017 ei

112 3040 235 3120 quidem
258 3040 394 3117 simpulo,
417 3039 443 3101 si

203 3127 231 3186 1.
255 3129 288 3186 in
310 3146 343 3185 se
367 3126 614 3200 consciderentor,

198 3216 237 3286 a)
260 3220 333 3272 sanet
354 3214 536 3289 improprio,
552 3231 632 3290 qnae
653 3230 777 3272 sensam
800 3211 963 3273 involvant
984 3212 1161 3286 mediatam,
1174 3229 1195 3271 a
1211 3212 1351 3291 loquente

112 3297 232 3359 seilicet
265 3316 448 3374 cmpressom
480 3297 634 3358 mediante
666 3297 819 3376 imopine,
842 3315 894 3364 re,
927 3298 1050 3358 actione
1073 3305 1129 3358 out
1157 3300 1352 3373 narratione,

113 3402 192 3463 qnae
215 3382 320 3444 verbis
340 3386 469 3461 proprie
492 3384 660 3445 intellectis
682 3384 861 3451 indicator:

198 3468 234 3540 b)
257 3471 385 3546 saepias
407 3468 561 3547 quaedam
583 3471 749 3544 continent,
773 3486 852 3547 qnae
875 3486 938 3528 non
960 3477 1034 3529 sunt
1055 3469 1279 3548 sipnificotiom
1298 3467 1354 3532 sed

111 3554 156 3616 ad
177 3572 293 3614 mmmm
317 3554 523 3630 ornotnm‚od
541 3572 608 3615 rem
622 3564 679 3616 out
698 3555 912 3616 nomodonsm
934 3556 1192 3617 verosimilinrem
1213 3554 1353 3617 redden-

150 3808 257 3878 )Dcn
275 3808 485 3874 Schirnpinamen
503 3810 551 3862 dos
562 3811 646 3865 Esels.
666 3826 744 3862 wenn
762 3826 812 3863 nur
829 3812 874 3862 mit
891 3811 950 3863 dem
960 3810 1079 3863 Beisatne
1097 3811 1144 3862 des
1163 3811 1274 3872 wildan,
1284 3812 1356 3865 kann

198 3878 254 3930 sich
273 3879 316 3929 ein
333 3878 409 3929 blann
427 3894 479 3929 von
499 3879 567 3932 Ehrc
585 3880 637 3931 und
657 3880 736 3941 Geist,
757 3879 803 3931 der
823 3883 867 3931 mit
889 3881 1151 3948 morgenltindiscbeu
1177 3850 1355 3933 Geschicbten

128 4006 132 4013 Ι
198 3947 250 3999 und
270 3946 413 3998 Gedichten
437 3957 565 4013 tertiana,
589 3950 678 4000 immer
697 3949 734 4000 als
752 3946 932 4000 Ehrennamen
961 3949 1076 4015 gelsllon
1093 3949 1196 4013 lassen;
1215 3949 1286 4001 dena
1304 3948 1355 4000 ab·

120 4030 123 4037 ’
198 4014 315 4138 gmes'pbptn
332 4031 384 4135 volp
396 4015 480 4151 {10an
491 4018 702 4153 riualiilnlicbenb
722 4018 785 4137 desp¹
800 4016 860 4069 Esel
885 4018 966 4138 dupicb
984 4018 1188 4137 ἵιιῐῗιιῖιὶιιιωιοὶιὶ
1203 4016 1354 4138 Rotterplam

257 4102 281 4136 er
302 4100 335 4137 cn
379 4100 430 4137 oe
482 4100 528 4138 aas
546 4102 642 4139 amm
670 4104 683 4138 a
723 4102 768 4141 eso
788 4102 820 4138 en
842 4102 895 4138 von
941 4102 971 4138 er
1012 4103 1026 4138 ι
1075 4104 1099 4137 m
1127 4102 1144 4137 n
1189 4102 1302 4141 omemsc
1321 4104 1356 4140 ιιι

196 4154 390 4222 Vergleichung
408 4155 454 4206 des
473 4155 572 4208 Helden
590 4156 655 4218 Aiax
612 4091 721 4207 ιιιιιι
736 4156 794 4206 dem
813 4172 865 4207 von
880 4155 969 4209 liabeo
989 4172 1035 4209 aus
1054 4155 1112 4207 dem
1124 4156 1212 4209 beker
1229 4155 1357 4225 gajum

197 4223 272 4287 Esel;
297 4223 448 4291 abgesehen
466 4240 519 4277 von
539 4227 591 4277 deu
608 4224 707 4277 Stellen
727 4225 773 4276 des
795 4224 898 4277 Boebes
916 4225 979 4283 iob.
1005 4227 1030 4277 iu
1056 4224 1179 4277 welcheu
1202 4225 1251 4276 der
1275 4226 1357 4279 wilde

197 4290 260 4343 Esel
286 4291 324 4342 als
352 4292 397 4344 das
425 4292 531 4360 symbol
559 4292 765 4361 ungebundener
791 4292 903 4345 Freibeit
930 4294 976 4346 der
1002 4293 1092 4344 Wtiste
1120 4294 1261 4363 popriesen'
1287 4295 1355 4347 wird

199 4360 261 4426 (tob
285 4360 388 4424 11,12
407 4360 449 4424 ³9,
469 4364 493 4414 5.
511 4363 554 4424 24,
574 4364 628 4427 5.:)
652 4376 683 4412 so
707 4361 753 4428 gib
780 4363 827 4413 der
849 4362 928 4414 wilde
946 4362 1007 4414 Esel
1027 4362 1077 4412 den
1097 4363 1165 4414 alten
1184 4360 1296 4415 Persem
1316 4364 1358 4415 als

199 4432 241 4481 ein
250 4428 305 4480 Βιιιι
320 4399 590 4499 koniglicborstirlre
607 4430 660 4482 und
678 4430 1048 4499 unbezwungenennmhma
1067 4432 1357 4502 Hooimer-Purgstsll's

198 4499 287 4555 beben
305 4494 417 4555 Κιιιιιιί
433 4501 452 4555 k
470 4500 525 4555 Τιιι.
544 4498 569 4553 S.
588 4498 647 4553 232.
