2834 4896
126 188 167 252 16

124 362 173 423 16.
198 358 247 423 17.
270 361 305 422 al.
328 360 463 421 nominat
484 376 572 436 enm,
604 359 634 419 in
655 376 716 438 qno
740 359 860 422 condita
884 368 955 422 sunt
978 362 1120 426 tmiversn
1146 366 1174 428 in
1207 368 1307 431 coelis
1329 376 1362 432 et

123 449 275 524 interra,
298 447 425 507 visibilia
449 452 481 506 et
502 445 679 521 invisibilia,
708 447 760 525 qui
782 454 830 508 est
853 454 922 509 ante
945 451 1044 511 omnia
1069 454 1236 533 elinque
1259 458 1360 517 ornnia

123 540 282 609 constant,
315 535 366 611 qui
397 537 498 612 portat
529 532 627 592 omnia
659 533 754 593 verbo
791 533 909 594 virtutis
942 552 1026 596 suae.
1072 536 1157 599 Unde
1181 542 1361 621 explicatur,

123 619 277 700 quomodo
301 619 384 699 plura
407 618 508 695 allata,
531 618 703 679 testimonia
725 624 757 678 et
779 619 983 681 revelationes
997 621 1082 699 111.,
1107 641 1234 702 quarum
1257 634 1366 688 auctor

123 713 175 767 aut
195 706 347 785 objectum
370 705 453 765 Deras
477 705 506 764 in
528 719 645 785 genere
667 704 848 781 nominatur,
872 706 902 766 in
925 705 957 766 N.
968 707 999 767 F.
1023 706 1139 770 directe
1161 710 1200 772 ad
1211 712 1365 774 Christum

131 791 311 852 reserantur.
336 791 385 852 Sic
409 809 434 851 s.
457 789 567 851 Paulus
589 788 612 849 l.
636 787 705 850 Cor.
729 789 780 866 10,
802 789 833 851 4.
857 808 944 871 seqq.
967 792 1116 855 Christum
1140 796 1283 878 designat
1304 799 1365 860 du·

124 894 191 938 cem
220 877 323 958 populi
355 876 509 937 israelitici
531 892 587 956 per
617 875 790 952 desertum,
822 882 853 936 et
884 879 983 938 ornnia
1013 887 1139 959 peccata
1172 883 1312 963 ejusdem
1335 885 1365 945 in

124 964 390 1044 transmigratione
414 968 520 1023 contra
544 960 627 1022 illum
650 963 812 1023 commissa
834 964 947 1044 respici
969 964 1041 1025 vult.
1084 965 1129 1027 De
1153 967 1285 1046 Christo,
1309 969 1365 1031 Dei

123 1048 209 1125 Filio,
233 1050 270 1109 ad
290 1049 380 1109 llebr.
406 1048 435 1124 1,
461 1047 510 1109 10.
538 1047 703 1127 Apostolus
728 1047 850 1110 adhibet
872 1050 965 1111 verba
975 1050 1084 1112 Psalmi
1109 1052 1181 1130 102,
1204 1053 1365 1117 25-27-.ε

124 1134 324 1212 ,labamine
347 1135 385 1195 ab
409 1134 492 1195 initio
516 1140 625 1194 terram
649 1132 791 1210 fundasti,
815 1141 847 1195 et
869 1153 962 1215 opera
985 1154 1127 1199 manuum
1150 1146 1270 1202 tuarum
1295 1147 1366 1203 sunt

122 1221 239 1294 coeli;“
264 1221 304 1282 de
327 1220 437 1281 eodem
462 1217 490 1296 l,
515 1217 544 1279 6.
567 1218 717 1300 intelligit,
741 1236 820 1299 quae
843 1221 973 1297 legimus
992 1222 1040 1283 rs.
1059 1223 1112 1301 97,
1136 1224 1192 1287 7.:-
1223 1226 1282 1304 ,Et
1305 1226 1365 1288 ad·

124 1314 211 1368 orent
234 1326 303 1368 eum
326 1323 431 1366 omnes
456 1304 659 1386 angeliDci“;
683 1304 721 1366 de
745 1305 855 1367 eodem
878 1308 1091 1389 interpretatur
1101 1328 1125 1371 s.
1136 1311 1272 1373 Joannes
1296 1332 1365 1373 ma·

123 1392 264 1474 gnificam
288 1391 367 1452 illam
390 1392 538 1452 visionem
562 1391 600 1452 ls.
617 1391 647 1467 6,
673 1388 776 1469 1-3.,
802 1393 924 1471 quando
946 1395 1093 1475 propheta
1116 1397 1190 1458 vidit
1203 1397 1366 1459 Dominum

123 1479 282 1540 sedentem
306 1477 531 1558 snper-solium
564 1477 720 1538 excelsum
744 1485 774 1538 et
807 1478 976 1556 elevatum,
1009 1488 1040 1541 et
1062 1481 1219 1563 Seraphim
1252 1483 1367 1546 audivit

124 1564 341 1639 adorationem,
366 1581 457 1643 quam
481 1562 654 1624 obtulerunt
675 1563 804 1625 Domino
827 1564 893 1627 Deo
917 1567 1124 1644 exercituum3
1147 1586 1216 1630 nam
1226 1569 1367 1650 Aposto-

123 1650 180 1726 lus,
205 1668 296 1729 quum
319 1651 412 1711 verba
436 1649 472 1709 ls.
497 1649 526 1724 6,
550 1648 580 1710 9.
605 1648 655 1711 lo.
679 1649 830 1711 attulisset
852 1656 883 1711 et
907 1651 1044 1729 dixisset,
1070 1671 1107 1713 ea
1132 1653 1242 1715 Christi
1265 1662 1367 1717 aetate

124 1754 195 1797 esse
219 1736 389 1816 adimpleta,
413 1735 582 1816 emphatice
605 1734 804 1816 adjungitl2,
814 1735 887 1798 41.ε
912 1737 1015 1811 „llaec
1030 1738 1105 1799 dixit
1115 1741 1219 1816 lsaias,
1244 1742 1367 1821 quando

123 1823 199 1882 vidit
219 1822 346 1904 gloriam
369 1822 437 1901 ejus
460 1821 614 1897 (Christi),
637 1827 669 1883 et
690 1822 810 1883 locutus
834 1830 881 1883 est
903 1823 942 1885 de
964 1827 1033 1885 eo.“
1059 1824 1180 1886 Ginldt.
1198 1826 1366 1903 21,16.-

123 1907 208 1970 llucc
231 1908 396 1988 sufficient,
417 1917 453 1969 ut
471 1910 711 1987 perspiciamus,
735 1927 755 1968 o
778 1908 898 1971 Christo
924 1918 955 1972 et
975 1910 1138 1990 Apostolis
1160 1923 1309 1975 auctores
1335 1912 1366 1975 l'.

124 1995 158 2057 Τ.
181 1995 333 2057 librorum
356 1996 530 2073 inspiratos
552 2013 622 2056 esse
644 1994 828 2069 16511031).

693 2187 723 2255 ς.
749 2180 799 2246 12.

635 2290 850 2361 Continuatio”).

258 2426 345 2499 Ouod
369 2425 475 2488 attinet

213 2512 255 2575 lt.
279 2514 315 2574 N.
338 2512 370 2574 F.
393 2515 565 2591 scriptores
598 2530 728 2587 oneror,
759 2513 852 2574 tulern
883 2514 1126 2576 declarationem
1156 2517 1309 2578 disertam
1331 2518 1368 2578 de

124 2618 234 2660 eorum
255 2602 462 2678 inspiratione
484 2598 597 2659 nullibi
619 2599 741 2676 quidem
772 2602 946 2678 reperimus
956 2621 968 2673 ;
1001 2610 1137 2663 atlantea
1160 2604 1197 2662 de
1226 2607 1368 2681 prornis-

125 2688 213 2747 rione
236 2686 351 2747 cecilii
373 2685 621 2746 extraordinarii
631 2683 793 2762 apostolis
810 2687 845 2745 in
867 2704 994 2747 munere
1016 2689 1190 2748 exercendo
1213 2690 1367 2768 adfuturi,

124 2774 159 2832 in
178 2771 326 2850 pluribus
349 2770 427 2831 locis
451 2771 589 2849 Irpinus.
633 2770 687 2831 Sic

211 2863 251 2932 a)
273 2857 418 2918 Christus
436 2857 629 2933 ninturejum
640 2855 813 2934 Apostolis,
836 2876 907 2917 cam
920 2876 1028 2936 nempe
1044 2860 1148 2937 primu
1161 2861 1369 2938 cicereqnunr

131 2943 188 3004 Dei
210 2944 430 3004 annuntiaturi
460 2944 690 3017 emitterentur,
722 2942 817 3002 hocce
840 2945 994 3005 auxilium
1021 2947 1186 3023 promisit,
1219 2944 1290 3005 dum
1314 2947 1369 3021 eis,

125 3046 167 3089 ne
190 3030 319 3090 animum
342 3028 382 3089 ob
405 3027 590 3089 calamitates
614 3027 671 3088 sihi
693 3027 864 3108 praedictas
888 3027 1124 3108 desponderent,
1150 3031 1225 3091 dixit
1248 3031 1298 3091 blt.
1319 3031 1369 3107 to,

128 3113 177 3176 19.
200 3115 270 3177 2οη
296 3112 389 3192 ,Gom
413 3120 513 3175 autem
536 3113 656 3175 tradent
677 3131 744 3190 vos,
769 3114 862 3175 nolite
886 3116 1036 3195 cogitare,
1061 3117 1214 3195 quomodo
1234 3123 1286 3178 aut
1296 3117 1369 3197 quid

125 3199 310 3280 loquamini;
332 3234 375 3247 -
401 3218 461 3261 non
485 3199 566 3260 enim
588 3216 645 3260 vos
669 3201 754 3277 estis,
779 3201 830 3279 qni
853 3199 1021 3279 loquimini,
1044 3202 1101 3263 sed
1120 3203 1249 3283 Spiritus
1272 3203 1369 3264 Patris

125 3288 231 3364 vestri,
255 3286 308 3366 qui
330 3285 464 3365 loquitur
486 3286 516 3345 in
539 3285 657 3347 vobis.“
705 3284 757 3346 on·
779 3286 831 3347 hlr.
856 3285 908 3364 13,
934 3286 982 3347 11.
1008 3287 1079 3368 Luc.
1107 3287 1157 3365 12,
1183 3287 1233 3348 11.
1259 3288 1310 3350 12.

212 3372 249 3447 b)
272 3372 399 3434 Clonus
422 3373 459 3432 de
482 3371 539 3432 boc
562 3372 683 3432 aumlio
717 3371 904 3452 loquebatur
924 3373 1077 3435 Dominus
1100 3377 1371 3453 appropinquanto

126 3467 272 3537 ternpore,
296 3476 356 3537 quo
379 3478 419 3519 ec
441 3459 526 3518 hisce
548 3459 644 3518 terris
666 3458 886 3533 discessurus,
910 3468 940 3520 et
961 3461 1031 3520 suis
1054 3463 1201 3538 opemque
1224 3480 1283 3520 suo
1306 3478 1370 3521 non

126 3545 262 3622 anrptius
283 3543 451 3605 visibiliter
472 3544 640 3623 adfuturus
662 3554 767 3617 aaran
789 3563 857 3605 nam
880 3543 962 3605 finita
985 3544 1089 3606 ultimt
1112 3547 1210 3605 coena
1233 3546 1370 3623 paschali

127 3631 172 3691 sic
196 3627 405 3707 alloquebatur
427 3629 593 3709 Apostolos
616 3629 665 3691 Jo.
690 3628 740 3706 16,
766 3629 815 3691 16.
840 3629 909 3690 ta:
935 3629 1021 3711 ,Ego
1043 3632 1162 3709 rogabo
1185 3631 1316 3710 Patrem,
1341 3638 1371 3693 et

20 3782 26 3789 ,
126 3716 216 3777 alium
246 3715 421 3795 paraclitum
452 3714 534 3776 dabit
563 3715 671 3793 robis,
703 3722 736 3777 ut
759 3721 879 3776 maneat
899 3716 1058 3778 vobiscum
1081 3717 1112 3777 in
1134 3722 1302 3779 actemum.
1331 3750 1367 3765 -·

126 3802 194 3863 Non
216 3800 384 3879 relinquam
407 3818 464 3862 nos
488 3801 660 3883 orphan0s;
682 3802 801 3862 veniam
825 3800 863 3861 ad
885 3804 972 3862 vos.“
1019 3800 1072 3861 Cir
1092 3801 1141 3863 Jo.
1167 3800 1217 3878 15,
1241 3803 1293 3865 26.
1319 3803 1368 3879 16,

127 3887 155 3950 7.
177 3888 249 3949 Luc.
272 3886 325 3962 24,
347 3885 398 3947 49.
420 3886 489 3948 Act.
521 3887 558 3964 1,
592 3887 623 3949 4.
655 3888 684 3949 5.
715 3887 744 3947 8.
767 3885 919 3947 Auxilium
951 3887 1049 3949 hocce
1079 3888 1366 3965 extraordinarium,

131 3974 294 4054 paraclitus
305 3973 413 4034 Christi
437 3973 504 4035 vice
527 3972 670 4055 fungens,
694 3981 742 4034 est
752 3972 878 4052 Spiritus
890 3990 926 4049 s,
950 3973 1002 4051 qui
1014 3973 1124 4033 dicitur
1134 3973 1263 4053 Spiritus
1282 3976 1370 4036 veri-

127 4061 215 4136 tatis,
247 4077 337 4139 quem
368 4059 496 4122 mundus
528 4079 590 4122 non
621 4064 723 4141 potest
753 4059 914 4139 accipere,
946 4057 1086 4137 Apostoli
1117 4076 1192 4119 vero
1217 4061 1372 4141 cognitori

161 4350 188 4417 i)
208 4348 252 4402 Cir
271 4351 451 4413 Vorlesunpen
477 4350 542 4401 tiber
560 4348 603 4398 die
623 4345 796 4413 christologie
817 4346 865 4397 des
888 4344 958 4399 alten
976 4344 1154 4397 Testamentes
1172 4362 1224 4397 von
1244 4347 1273 4399 a.
1293 4348 1363 4402 ttet-

214 4424 380 4488 ncrtsbagen.
399 4421 510 4471 Bremen
532 4418 606 4469 1813.

124 4523 129 4531 ’
161 4506 207 4571 ⁴⁸⁴)
226 4506 273 4559 cu
289 4506 382 4572 Drcy's
400 4504 559 4572 Apolopetili
576 4512 638 4554 toni.
655 4501 698 4553 lll.
717 4516 776 4569 pag.
795 4501 837 4553 51.
857 4518 931 4569 seqq.
