2834 4896
113 199 169 253 xtv

114 377 204 453 ticos
246 372 472 483 frequentius
517 384 747 449 recurrentes
790 374 1015 475 removendi,
1047 374 1275 479 objectiones
1309 381 1368 458 ab·

115 493 334 570 adversariis
385 502 502 569 motas
546 491 714 568 solvendi
763 492 1003 571 allevabitur?
1059 495 1136 573 Sed
1178 498 1224 574 ad
1266 500 1356 602 quid

114 608 254 690 multa?
275 633 323 688 ne
345 606 477 687 Cicero
503 634 569 711 pro
601 608 708 686 domo
737 635 802 687 sua
835 610 960 690 dicere
990 613 1130 716 videar,
1153 621 1357 720 experien-

115 733 200 809 tlam
231 727 474 833 quotidianam
505 729 689 830 appellare
720 729 816 806 licet.

236 845 375 948 Restat,
396 858 436 924 ut
465 845 606 924 debitas
637 871 745 949 agam
776 850 911 950 gratias
942 850 1109 929 omnibus
1139 855 1228 930 viris
1261 878 1357 932 eru-

116 967 199 1047 ditis
231 977 269 1044 et
298 967 446 1045 multum
477 966 655 1066 colendis,
695 966 756 1068 qui
782 969 858 1070 Jam
899 971 1057 1071 priorem
1088 974 1211 1072 operis
1245 972 1357 1076 hujus

116 1086 311 1167 editionem
351 1086 437 1163 licet
480 1083 527 1162 ob
559 1085 681 1187 plures
723 1110 854 1163 causas
884 1111 1060 1190 perquam
1091 1090 1357 1192 imperfectam,

115 1207 201 1285 boni
232 1205 439 1305 consulere,
458 1203 619 1307 benigne
651 1203 849 1307 dijudicare
871 1216 907 1282 et
927 1207 1182 1286 commendare
1213 1209 1357 1313 dignati

115 1336 214 1426 sunt,
238 1335 276 1403 et
305 1347 433 1403 eorum
464 1321 742 1402 benevolentiae
773 1327 880 1400 etiam
911 1324 1008 1402 bunc
1039 1330 1211 1429 exiguum
1244 1326 1357 1406 labo-

116 1470 196 1524 rum
237 1446 527 1521 continuatorum
571 1442 726 1521 fructum
768 1445 964 1543 committo,
1005 1449 1201 1548 praecipue
1240 1452 1277 1524 in
1311 1451 1357 1525 iis

84 1561 290 1668 partibus,
322 1585 416 1664 quae
453 1584 571 1639 novae
601 1571 850 1660 accesserunt,
883 1572 931 1639 et·
949 1564 984 1638 in
1022 1563 1229 1644 enchiridiis
1262 1565 1358 1643 her·

115 1682 330 1761 meneuticis
372 1679 534 1758 nondum
575 1682 728 1757 civitatis
763 1681 846 1782 jura
890 1691 1019 1757 nactae
1058 1695 1155 1785 sunt⁷
1186 1687 1357 1762 nimirum

115 1800 165 1879 de
204 1798 336 1877 olliciis
380 1801 672 1877 commentatoris
714 1797 833 1876 biblici
875 1801 911 1875 in
953 1800 1113 1900 partibus
1163 1813 1201 1880 et
1253 1802 1357 1881 libris

115 1918 310 2019 historicis,
351 1916 551 2018 didacticis,
592 1917 813 2019 propheticis
853 1928 891 1995 et
920 1921 1084 2020 poeticis.
1147 1920 1251 2012 Quae
1283 1922 1359 2000 hoc

115 2048 288 2141 respectu
318 2062 340 2114 a
371 2061 429 2113 me
460 2039 593 2138 scripta
625 2037 809 2138 leguntur,
827 2037 1027 2138 periculum
1058 2037 1359 2118 hermeneuticac

115 2157 285 2260 specialis
331 2155 464 2233 lactum
511 2154 810 2254 considerentur,
865 2158 972 2232 enixe
1015 2179 1123 2260 rogo.
1160 2204 1209 2217 -
1242 2158 1358 2250 Quod

116 2279 243 2355 attinet
263 2274 435 2353 historiae
455 2273 750 2352 hermeneutioae
763 2273 1054 2375 delineationem,
1071 2299 1181 2377 porro
1202 2281 1361 2355 versio-

116 2420 203 2475 num
243 2404 281 2473 et
322 2395 660 2471 commentariorum
706 2416 921 2493 recensum,
967 2403 1102 2471 tantum
1137 2395 1274 2497 abest,
1318 2408 1361 2475 ut

116 2516 235 2594 omnia
266 2535 481 2592 enumerare
512 2512 644 2590 vellem
675 2510 783 2614 hujus
814 2513 965 2613 generis
995 2524 1145 2614 opera,¹
1161 2525 1201 2591 ut
1229 2519 1372 2616 potius-

116 2659 161 2712 ea
192 2633 310 2711 solum
342 2654 675 2730 commemorarem,
720 2654 814 2731 quae
845 2654 912 2731 per
940 2630 1146 2732 longiorem
1177 2656 1372 2715 annorum·

115 2754 250 2832 seriem
291 2761 352 2828 aut
383 2775 403 2829 a
434 2774 494 2827 me
534 2751 614 2851 ipso
656 2757 797 2827 coemto
838 2751 920 2827 usui
966 2773 1049 2826 meo
1090 2752 1361 2853 inservierunt,

84 2882 178 2951 ‘aut
216 2894 310 2972 quac
348 2894 371 2947 e
402 2867 558 2947 diversis
599 2865 826 2945 bibliothecis
865 2877 1023 2945 mutuata
1061 2893 1220 2972 unquam
1261 2894 1360 2973 per·

9 3086 12 3095 ,
115 2991 238 3088 volvi,
269 2998 330 3066 aut
361 3011 514 3092 quorum
545 2985 838 3097 dijudicationem
857 2985 1000 3093 ,iactam
1034 2989 1071 3085 in
1102 2988 1367 3091 ephemeridi-

116 3109 186 3189 bus
217 3106 370 3211 publicis
401 3107 546 3205 inveni,
575 3106 643 3182 alia
688 3102 845 3207 denique
891 3115 965 3183 tum
996 3103 1247 3209 acatholicis,
1279 3096 1370 3187 urin·

116 3227 162 3307 ab
200 3224 424 3305 Acatholicis
463 3224 642 3327 prolecta,
680 3247 774 3326 quae
813 3221 985 3299 oblivioni
1026 3225 1117 3302 tradi
1166 3248 1373 3328 cuperem·

115 3349 238 3435 sciens
281 3345 486 3444 volensque
525 3344 680 3434 silentio,
705 3343 940 3443 praetermisi.
973 3384 1024 3397 -
1059 3343 1198 3435 Quodsi
1236 3342 1360 3446 Dens,

116 3466 275 3547 onmium
302 3461 484 3547 bonorum
512 3462 677 3565 largitor,
706 3484 727 3537 a
758 3483 830 3562 quo
863 3467 987 3537 sancta
1026 3458 1221 3562 desideria,
1252 3474 1360 3540 recta

116 3583 267 3676 consilia
288 3591 326 3659 et
342 3583 440 3684 justa
470 3591 555 3659 sunt
583 3604 709 3683 opera,
731 3577 793 3665 dat
820 3579 929 3653 vitam
955 3587 992 3654 et
1016 3582 1128 3681 vires,
1158 3603 1373 3658 commen--

116 3706 262 3783 tarium-
286 3703 322 3777 in
352 3697 597 3802 Evangelium
639 3724 670 3777 s.
699 3696 868 3773 Matthaei
911 3705 1020 3797 atque
1049 3699 1375 3779 introductionem·¹

115 3812 1371 3930 mmdbffimmbmmmmmmmmm

116 3940 246 4023 babeo.

236 4109 376 4215 Scripsr
405 4106 549 4212 pragae
582 4106 676 4185 iesto
707 4103 751 4180 B.
789 4100 910 4233 lll.V.
944 4110 1049 4177 natae
1084 4096 1212 4183 1850.
1244 4076 1247 4081 .
1360 4212 1366 4231 ἦ

1076 4513 1308 4600 Auctor.
