<?xml version="1.0" encoding="UTF-8"?>
<!DOCTYPE html PUBLIC "-//W3C//DTD XHTML 1.0 Transitional//EN"
    "http://www.w3.org/TR/xhtml1/DTD/xhtml1-transitional.dtd">
<html xmlns="http://www.w3.org/1999/xhtml" xml:lang="en" lang="en">
 <head>
  <title>
</title>
<meta http-equiv="Content-Type" content="text/html;charset=utf-8" />
  <meta name='ocr-system' content='tesseract 3.04.00' />
  <meta name='ocr-capabilities' content='ocr_page ocr_carea ocr_par ocr_line ocrx_word'/>
</head>
<body>
  <div class='ocr_page' id='page_1' title='image "./hermeneuticabib00gngoog_0241.png"; bbox 0 0 2834 4896; ppageno 0'>
   <div class='ocr_carea' id='block_1_1' title="bbox 133 192 199 259">
    <p class='ocr_par' dir='ltr' id='par_1_1' title="bbox 133 192 199 259">
     <span class='ocr_line' id='line_1_1' title="bbox 133 192 199 259; baseline -0.061 0"><span class='ocrx_word' id='word_1_1' title='bbox 133 192 199 259; x_wconf 76' lang='lat' dir='ltr'><em>tio</em></span> 
     </span>
    </p>
   </div>
   <div class='ocr_carea' id='block_1_2' title="bbox 124 361 1372 3549">
    <p class='ocr_par' dir='ltr' id='par_1_2' title="bbox 124 361 1372 3549">
     <span class='ocr_line' id='line_1_2' title="bbox 217 361 1362 448; baseline 0.007 -22"><span class='ocrx_word' id='word_1_2' title='bbox 217 365 310 445; x_wconf 82' lang='lat' dir='ltr'><em>Reep.</em></span> <span class='ocrx_word' id='word_1_3' title='bbox 333 364 383 427; x_wconf 79' lang='lat' dir='ltr'><em>Aa</em></span> <span class='ocrx_word' id='word_1_4' title='bbox 404 369 443 439; x_wconf 84' lang='lat' dir='ltr'><em>a)</em></span> <span class='ocrx_word' id='word_1_5' title='bbox 465 361 503 426; x_wconf 88' lang='lat' dir='ltr'><em>N.</em></span> <span class='ocrx_word' id='word_1_6' title='bbox 526 363 559 426; x_wconf 86' lang='lat' dir='ltr'><em>F.</em></span> <span class='ocrx_word' id='word_1_7' title='bbox 581 373 729 427; x_wconf 72' lang='lat' dir='ltr'><em>auctores</em></span> <span class='ocrx_word' id='word_1_8' title='bbox 763 364 865 446; x_wconf 74' lang='lat' dir='ltr'><em>effatis</em></span> <span class='ocrx_word' id='word_1_9' title='bbox 890 365 923 428; x_wconf 80' lang='lat' dir='ltr'><em>t&#39;.</em></span> <span class='ocrx_word' id='word_1_10' title='bbox 946 366 980 428; x_wconf 79' lang='grc' dir='ltr'><em>Τ.</em></span> <span class='ocrx_word' id='word_1_11' title='bbox 1002 367 1132 448; x_wconf 73' lang='lat' dir='ltr'><em>caepim</em></span> <span class='ocrx_word' id='word_1_12' title='bbox 1162 367 1264 430; x_wconf 83' lang='lat' dir='ltr'><em>atium</em></span> <span class='ocrx_word' id='word_1_13' title='bbox 1294 370 1362 434; x_wconf 77' lang='lat' dir='ltr'><em>sub</em></span> 
     </span>
     <span class='ocr_line' id='line_1_3' title="bbox 125 453 1363 536; baseline 0.005 -22"><span class='ocrx_word' id='word_1_14' title='bbox 125 453 246 532; x_wconf 80' lang='lat' dir='ltr'><em>jecisse</em></span> <span class='ocrx_word' id='word_1_15' title='bbox 268 470 404 528; x_wconf 84' lang='lat' dir='ltr'><em>seusam,</em></span> <span class='ocrx_word' id='word_1_16' title='bbox 416 470 456 513; x_wconf 92' lang='lat' dir='ltr'><em>ac</em></span> <span class='ocrx_word' id='word_1_17' title='bbox 478 453 534 532; x_wconf 90' lang='lat' dir='ltr'><em>qui</em></span> <span class='ocrx_word' id='word_1_18' title='bbox 554 461 684 514; x_wconf 84' lang='lat' dir='ltr'><em>meatem</em></span> <span class='ocrx_word' id='word_1_19' title='bbox 705 455 793 513; x_wconf 84' lang='lat' dir='ltr'><em>sacri</em></span> <span class='ocrx_word' id='word_1_20' title='bbox 814 454 984 534; x_wconf 82' lang='lat' dir='ltr'><em>scriptoris</em></span> <span class='ocrx_word' id='word_1_21' title='bbox 994 455 1224 531; x_wconf 59' lang='lat' dir='ltr'><em>subducerem</em></span> <span class='ocrx_word' id='word_1_22' title='bbox 1245 458 1363 536; x_wconf 82' lang='lat' dir='ltr'><em>quidem</em></span> 
     </span>
     <span class='ocr_line' id='line_1_4' title="bbox 130 537 1366 619; baseline 0.002 -18"><span class='ocrx_word' id='word_1_23' title='bbox 130 547 199 610; x_wconf 82' lang='lat' dir='ltr'><em>est;</em></span> <span class='ocrx_word' id='word_1_24' title='bbox 221 546 273 599; x_wconf 85' lang='lat' dir='ltr'><em>ast</em></span> <span class='ocrx_word' id='word_1_25' title='bbox 294 538 353 600; x_wconf 91' lang='lat' dir='ltr'><em>hao</em></span> <span class='ocrx_word' id='word_1_26' title='bbox 375 541 411 599; x_wconf 84' lang='lat' dir='ltr'><em>ia</em></span> <span class='ocrx_word' id='word_1_27' title='bbox 431 556 465 598; x_wconf 89' lang='lat' dir='ltr'><em>re</em></span> <span class='ocrx_word' id='word_1_28' title='bbox 489 537 606 616; x_wconf 80' lang='lat' dir='ltr'><em>daphea</em></span> <span class='ocrx_word' id='word_1_29' title='bbox 636 537 877 618; x_wconf 79' lang='lat' dir='ltr'><em>diatimqueudus</em></span> <span class='ocrx_word' id='word_1_30' title='bbox 908 548 956 602; x_wconf 85' lang='lat' dir='ltr'><em>est</em></span> <span class='ocrx_word' id='word_1_31' title='bbox 985 558 1103 611; x_wconf 82' lang='lat' dir='ltr'><em>casus‚·</em></span> <span class='ocrx_word' id='word_1_32' title='bbox 1135 548 1195 601; x_wconf 85' lang='lat' dir='ltr'><em>cut</em></span> <span class='ocrx_word' id='word_1_33' title='bbox 1225 545 1312 604; x_wconf 77' lang='lat' dir='ltr'><em>euim</em></span> <span class='ocrx_word' id='word_1_34' title='bbox 1339 549 1366 619; x_wconf 85' lang='lat' dir='ltr'><em>a)</em></span> 
     </span>
     <span class='ocr_line' id='line_1_5' title="bbox 128 624 1366 704; baseline 0.003 -16"><span class='ocrx_word' id='word_1_35' title='bbox 128 624 300 703; x_wconf 79' lang='lat' dir='ltr'><em>infallibite</em></span> <span class='ocrx_word' id='word_1_36' title='bbox 322 624 487 685; x_wconf 83' lang='lat' dir='ltr'><em>ediderunt</em></span> <span class='ocrx_word' id='word_1_37' title='bbox 508 626 727 700; x_wconf 85' lang='lat' dir='ltr'><em>testimouium,</em></span> <span class='ocrx_word' id='word_1_38' title='bbox 749 642 772 685; x_wconf 92' lang='lat' dir='ltr'><em>a</em></span> <span class='ocrx_word' id='word_1_39' title='bbox 793 624 914 703; x_wconf 76' lang='lat' dir='ltr'><strong><em>Spiritu</em></strong></span> <span class='ocrx_word' id='word_1_40' title='bbox 936 646 962 688; x_wconf 94' lang='lat' dir='ltr'><em>s.</em></span> <span class='ocrx_word' id='word_1_41' title='bbox 985 628 1019 688; x_wconf 85' lang='lat' dir='ltr'><em>ire</em></span> <span class='ocrx_word' id='word_1_42' title='bbox 1045 626 1075 687; x_wconf 90' lang='lat' dir='ltr'><em>V.</em></span> <span class='ocrx_word' id='word_1_43' title='bbox 1090 626 1120 687; x_wconf 81' lang='lat' dir='ltr'><em>t.</em></span> <span class='ocrx_word' id='word_1_44' title='bbox 1142 635 1276 704; x_wconf 87' lang='lat' dir='ltr'><em>praeter</em></span> <span class='ocrx_word' id='word_1_45' title='bbox 1299 648 1366 691; x_wconf 84' lang='lat' dir='ltr'><em>seo-</em></span> 
     </span>
     <span class='ocr_line' id='line_1_6' title="bbox 132 710 1368 792; baseline 0.002 -17"><span class='ocrx_word' id='word_1_46' title='bbox 132 731 202 775; x_wconf 87' lang='lat' dir='ltr'><em>eum</em></span> <span class='ocrx_word' id='word_1_47' title='bbox 224 710 435 772; x_wconf 81' lang='lat' dir='ltr'><em>iouuede&#39;utum</em></span> <span class='ocrx_word' id='word_1_48' title='bbox 458 712 625 771; x_wconf 90' lang='lat' dir='ltr'><em>mediatum</em></span> <span class='ocrx_word' id='word_1_49' title='bbox 647 728 786 790; x_wconf 84' lang='lat' dir='ltr'><em>quoque,</em></span> <span class='ocrx_word' id='word_1_50' title='bbox 820 719 850 773; x_wconf 89' lang='lat' dir='ltr'><em>et</em></span> <span class='ocrx_word' id='word_1_51' title='bbox 877 720 1007 790; x_wconf 90' lang='lat' dir='ltr'><em>praeter</em></span> <span class='ocrx_word' id='word_1_52' title='bbox 1036 731 1164 774; x_wconf 84' lang='lat' dir='ltr'><em>seusam</em></span> <span class='ocrx_word' id='word_1_53' title='bbox 1193 717 1368 792; x_wconf 75' lang='lat' dir='ltr'><em>proximum</em></span> 
     </span>
     <span class='ocr_line' id='line_1_7' title="bbox 131 798 1368 883; baseline 0.003 -23"><span class='ocrx_word' id='word_1_54' title='bbox 131 801 226 861; x_wconf 91' lang='lat' dir='ltr'><em>etiam</em></span> <span class='ocrx_word' id='word_1_55' title='bbox 248 799 446 858; x_wconf 77' lang='lat' dir='ltr'><em>remotiorem</em></span> <span class='ocrx_word' id='word_1_56' title='bbox 468 806 537 857; x_wconf 79' lang='lat' dir='ltr'><em>esse</em></span> <span class='ocrx_word' id='word_1_57' title='bbox 560 804 744 883; x_wconf 70' lang='lat' dir='ltr'><em>spectatam,</em></span> <span class='ocrx_word' id='word_1_58' title='bbox 767 799 787 858; x_wconf 90' lang='lat' dir='ltr'><em>i.</em></span> <span class='ocrx_word' id='word_1_59' title='bbox 797 815 822 857; x_wconf 90' lang='lat' dir='ltr'><em>e.</em></span> <span class='ocrx_word' id='word_1_60' title='bbox 840 798 1040 878; x_wconf 74' lang='lat' dir='ltr'><strong><em>prophetiam</em></strong></span> <span class='ocrx_word' id='word_1_61' title='bbox 1062 801 1130 860; x_wconf 88' lang='lat' dir='ltr'><em>siae</em></span> <span class='ocrx_word' id='word_1_62' title='bbox 1145 802 1297 879; x_wconf 77' lang='lat' dir='ltr'><em>typicam,</em></span> <span class='ocrx_word' id='word_1_63' title='bbox 1309 804 1368 864; x_wconf 84' lang='lat' dir='ltr'><em>sior</em></span> 
     </span>
     <span class='ocr_line' id='line_1_8' title="bbox 132 883 1370 964; baseline 0.002 -18"><span class='ocrx_word' id='word_1_64' title='bbox 132 885 356 959; x_wconf 77' lang='lat' dir='ltr'><em>continuatam,</em></span> <span class='ocrx_word' id='word_1_65' title='bbox 378 885 445 944; x_wconf 86' lang='lat' dir='ltr'><em>siae</em></span> <span class='ocrx_word' id='word_1_66' title='bbox 468 883 695 963; x_wconf 79' lang='lat' dir='ltr'><em>completivam,</em></span> <span class='ocrx_word' id='word_1_67' title='bbox 716 885 771 962; x_wconf 93' lang='lat' dir='ltr'><em>qui</em></span> <span class='ocrx_word' id='word_1_68' title='bbox 793 889 896 962; x_wconf 85' lang='lat' dir='ltr'><em>itaque</em></span> <span class='ocrx_word' id='word_1_69' title='bbox 918 902 1033 947; x_wconf 83' lang='lat' dir='ltr'><em>seusus</em></span> <span class='ocrx_word' id='word_1_70' title='bbox 1055 893 1203 964; x_wconf 86' lang='lat' dir='ltr'><em>respectu</em></span> <span class='ocrx_word' id='word_1_71' title='bbox 1226 886 1370 949; x_wconf 80' lang='lat' dir='ltr'><em>hectorea</em></span> 
     </span>
     <span class='ocr_line' id='line_1_9' title="bbox 131 969 1371 1051; baseline 0.002 -18"><span class='ocrx_word' id='word_1_72' title='bbox 131 970 377 1033; x_wconf 83' lang='lat' dir='ltr'><em>christianorum</em></span> <span class='ocrx_word' id='word_1_73' title='bbox 399 986 464 1031; x_wconf 84' lang='lat' dir='ltr'><em>aare</em></span> <span class='ocrx_word' id='word_1_74' title='bbox 485 976 535 1030; x_wconf 85' lang='lat' dir='ltr'><em>est</em></span> <span class='ocrx_word' id='word_1_75' title='bbox 553 970 721 1050; x_wconf 78' lang='lat' dir='ltr'><em>mysticus,</em></span> <span class='ocrx_word' id='word_1_76' title='bbox 744 969 803 1030; x_wconf 85' lang='lat' dir='ltr'><em>sed</em></span> <span class='ocrx_word' id='word_1_77' title='bbox 824 970 1140 1050; x_wconf 81' lang='lat' dir='ltr'><em>historico-topicus;</em></span> <span class='ocrx_word' id='word_1_78' title='bbox 1170 979 1230 1034; x_wconf 85' lang='lat' dir='ltr'><em>aut</em></span> <span class='ocrx_word' id='word_1_79' title='bbox 1251 973 1294 1051; x_wconf 81' lang='grc' dir='ltr'><em>β)</em></span> <span class='ocrx_word' id='word_1_80' title='bbox 1315 991 1371 1035; x_wconf 80' lang='lat' dir='ltr'><em>aas</em></span> 
     </span>
     <span class='ocr_line' id='line_1_10' title="bbox 133 1055 1370 1134; baseline 0.003 -17"><span class='ocrx_word' id='word_1_81' title='bbox 133 1055 309 1118; x_wconf 75' lang='lat' dir='ltr'><em>habueram</em></span> <span class='ocrx_word' id='word_1_82' title='bbox 330 1056 450 1119; x_wconf 87' lang='lat' dir='ltr'><em>citaadi</em></span> <span class='ocrx_word' id='word_1_83' title='bbox 471 1056 728 1133; x_wconf 82' lang='lat' dir='ltr'><em>seuctieqaadi,</em></span> <span class='ocrx_word' id='word_1_84' title='bbox 759 1056 817 1117; x_wconf 83' lang='lat' dir='ltr'><em>sed</em></span> <span class='ocrx_word' id='word_1_85' title='bbox 838 1056 1021 1134; x_wconf 78' lang='lat' dir='ltr'><em>applicandi</em></span> <span class='ocrx_word' id='word_1_86' title='bbox 1041 1057 1094 1118; x_wconf 85' lang='lat' dir='ltr'><em>aei</em></span> <span class='ocrx_word' id='word_1_87' title='bbox 1113 1059 1370 1122; x_wconf 79' lang='lat' dir='ltr'><em>accommadaodi</em></span> 
     </span>
     <span class='ocr_line' id='line_1_11' title="bbox 134 1140 1370 1220; baseline 0.002 -16"><span class='ocrx_word' id='word_1_88' title='bbox 134 1143 319 1218; x_wconf 79' lang='lat' dir='ltr'><em>consitium,</em></span> <span class='ocrx_word' id='word_1_89' title='bbox 343 1160 404 1220; x_wconf 90' lang='lat' dir='ltr'><em>quo</em></span> <span class='ocrx_word' id='word_1_90' title='bbox 427 1143 461 1203; x_wconf 83' lang='lat' dir='ltr'><em>iu</em></span> <span class='ocrx_word' id='word_1_91' title='bbox 482 1160 562 1203; x_wconf 84' lang='lat' dir='ltr'><em>casu</em></span> <span class='ocrx_word' id='word_1_92' title='bbox 584 1140 668 1215; x_wconf 85' lang='lat' dir='ltr'><em>(coil.</em></span> <span class='ocrx_word' id='word_1_93' title='bbox 693 1146 722 1215; x_wconf 73' lang='lat' dir='ltr'><em>s.</em></span> <span class='ocrx_word' id='word_1_94' title='bbox 733 1141 785 1203; x_wconf 86' lang='lat'><em>95.</em></span> <span class='ocrx_word' id='word_1_95' title='bbox 808 1140 914 1216; x_wconf 89' lang='lat' dir='ltr'><em>dictis)</em></span> <span class='ocrx_word' id='word_1_96' title='bbox 939 1143 1047 1204; x_wconf 86' lang='lat' dir='ltr'><em>oerbis</em></span> <span class='ocrx_word' id='word_1_97' title='bbox 1068 1143 1204 1205; x_wconf 79' lang='lat' dir='ltr'><em>alteriue</em></span> <span class='ocrx_word' id='word_1_98' title='bbox 1226 1147 1278 1206; x_wconf 87' lang='lat' dir='ltr'><em>uti</em></span> <span class='ocrx_word' id='word_1_99' title='bbox 1306 1145 1370 1207; x_wconf 83' lang='lat' dir='ltr'><em>licet</em></span> 
     </span>
     <span class='ocr_line' id='line_1_12' title="bbox 133 1226 1369 1310; baseline 0.003 -21"><span class='ocrx_word' id='word_1_100' title='bbox 133 1229 177 1289; x_wconf 93' lang='lat' dir='ltr'><em>ad</em></span> <span class='ocrx_word' id='word_1_101' title='bbox 198 1247 289 1289; x_wconf 82' lang='lat' dir='ltr'><em>seeum</em></span> <span class='ocrx_word' id='word_1_102' title='bbox 312 1247 438 1289; x_wconf 85' lang='lat' dir='ltr'><em>seusum</em></span> <span class='ocrx_word' id='word_1_103' title='bbox 460 1228 703 1307; x_wconf 76' lang='lat' dir='ltr'><em>suprimendum.</em></span> <span class='ocrx_word' id='word_1_104' title='bbox 736 1226 774 1289; x_wconf 85' lang='lat' dir='ltr'><em>Ut</em></span> <span class='ocrx_word' id='word_1_105' title='bbox 795 1229 900 1307; x_wconf 89' lang='lat' dir='ltr'><em>itaque</em></span> <span class='ocrx_word' id='word_1_106' title='bbox 923 1230 1201 1307; x_wconf 72' lang='lat' dir='ltr'><em>interpretationis</em></span> <span class='ocrx_word' id='word_1_107' title='bbox 1222 1235 1369 1310; x_wconf 73' lang='lat' dir='ltr'><em>mysticae</em></span> 
     </span>
     <span class='ocr_line' id='line_1_13' title="bbox 131 1311 1368 1396; baseline 0.002 -21"><span class='ocrx_word' id='word_1_108' title='bbox 131 1315 307 1376; x_wconf 84' lang='lat' dir='ltr'><em>reeeessitas</em></span> <span class='ocrx_word' id='word_1_109' title='bbox 337 1316 564 1394; x_wconf 78' lang='lat' dir='ltr'><em>provocatione</em></span> <span class='ocrx_word' id='word_1_110' title='bbox 593 1314 637 1375; x_wconf 91' lang='lat' dir='ltr'><em>ud</em></span> <span class='ocrx_word' id='word_1_111' title='bbox 666 1315 839 1393; x_wconf 82' lang='lat' dir='ltr'><em>ecemptum</em></span> <span class='ocrx_word' id='word_1_112' title='bbox 860 1311 899 1374; x_wconf 90' lang='lat' dir='ltr'><em>N.</em></span> <span class='ocrx_word' id='word_1_113' title='bbox 924 1312 955 1374; x_wconf 85' lang='lat' dir='ltr'><em>T.</em></span> <span class='ocrx_word' id='word_1_114' title='bbox 984 1322 1150 1377; x_wconf 79' lang='lat' dir='ltr'><em>auctorum</em></span> <span class='ocrx_word' id='word_1_115' title='bbox 1168 1316 1368 1396; x_wconf 75' lang='lat' dir='ltr'><em>probaretur,</em></span> 
     </span>
     <span class='ocr_line' id='line_1_14' title="bbox 130 1399 1368 1482; baseline 0.004 -22"><span class='ocrx_word' id='word_1_116' title='bbox 130 1402 223 1481; x_wconf 86' lang='lat' dir='ltr'><em>prius</em></span> <span class='ocrx_word' id='word_1_117' title='bbox 246 1400 523 1462; x_wconf 76' lang='lat' dir='ltr'><em>demonstrandum</em></span> <span class='ocrx_word' id='word_1_118' title='bbox 542 1399 635 1476; x_wconf 76' lang='lat' dir='ltr'><em>foret,</em></span> <span class='ocrx_word' id='word_1_119' title='bbox 671 1399 774 1474; x_wconf 90' lang='lat' dir='ltr'><em>hosce,</em></span> <span class='ocrx_word' id='word_1_120' title='bbox 798 1401 1043 1480; x_wconf 82' lang='lat' dir='ltr'><em>quotiescumque</em></span> <span class='ocrx_word' id='word_1_121' title='bbox 1069 1400 1101 1461; x_wconf 90' lang='lat' dir='ltr'><em>V.</em></span> <span class='ocrx_word' id='word_1_122' title='bbox 1126 1400 1159 1463; x_wconf 85' lang='grc' dir='ltr'><em>Τ.</em></span> <span class='ocrx_word' id='word_1_123' title='bbox 1183 1404 1260 1464; x_wconf 85' lang='lat' dir='ltr'><em>toea</em></span> <span class='ocrx_word' id='word_1_124' title='bbox 1283 1403 1368 1482; x_wconf 72' lang='lat' dir='ltr'><em>adfe-</em></span> 
     </span>
     <span class='ocr_line' id='line_1_15' title="bbox 130 1485 1370 1566; baseline 0.002 -18"><span class='ocrx_word' id='word_1_125' title='bbox 130 1496 213 1561; x_wconf 80' lang='lat' dir='ltr'><em>rant,</em></span> <span class='ocrx_word' id='word_1_126' title='bbox 237 1487 288 1547; x_wconf 87' lang='lat' dir='ltr'><em>aet</em></span> <span class='ocrx_word' id='word_1_127' title='bbox 309 1503 431 1565; x_wconf 84' lang='lat' dir='ltr'><em>semper</em></span> <span class='ocrx_word' id='word_1_128' title='bbox 453 1486 619 1546; x_wconf 79' lang='lat' dir='ltr'><em>consitium</em></span> <span class='ocrx_word' id='word_1_129' title='bbox 642 1487 762 1549; x_wconf 85' lang='lat' dir='ltr'><em>eitaadi</em></span> <span class='ocrx_word' id='word_1_130' title='bbox 784 1485 1008 1563; x_wconf 86' lang='lat' dir='ltr'><em>habuisse,oet</em></span> <span class='ocrx_word' id='word_1_131' title='bbox 1028 1504 1104 1548; x_wconf 88' lang='lat' dir='ltr'><em>aero</em></span> <span class='ocrx_word' id='word_1_132' title='bbox 1126 1488 1173 1549; x_wconf 86' lang='lat' dir='ltr'><em>ibi</em></span> <span class='ocrx_word' id='word_1_133' title='bbox 1195 1490 1305 1566; x_wconf 83' lang='lat' dir='ltr'><em>etiam,</em></span> <span class='ocrx_word' id='word_1_134' title='bbox 1325 1489 1370 1550; x_wconf 82' lang='lat' dir='ltr'><em>ubi</em></span> 
     </span>
     <span class='ocr_line' id='line_1_16' title="bbox 130 1570 1369 1651; baseline 0.003 -18"><span class='ocrx_word' id='word_1_135' title='bbox 130 1572 189 1634; x_wconf 92' lang='lat' dir='ltr'><em>hoc</em></span> <span class='ocrx_word' id='word_1_136' title='bbox 212 1573 378 1633; x_wconf 80' lang='lat' dir='ltr'><em>consitium</em></span> <span class='ocrx_word' id='word_1_137' title='bbox 399 1589 513 1635; x_wconf 89' lang='lat' dir='ltr'><em>reoera</em></span> <span class='ocrx_word' id='word_1_138' title='bbox 533 1573 718 1647; x_wconf 86' lang='lat' dir='ltr'><em>habueruut,</em></span> <span class='ocrx_word' id='word_1_139' title='bbox 740 1570 837 1633; x_wconf 82' lang='lat' dir='ltr'><em>alium</em></span> <span class='ocrx_word' id='word_1_140' title='bbox 859 1573 910 1633; x_wconf 86' lang='lat' dir='ltr'><em>his</em></span> <span class='ocrx_word' id='word_1_141' title='bbox 932 1574 1015 1634; x_wconf 88' lang='lat' dir='ltr'><em>tacis</em></span> <span class='ocrx_word' id='word_1_142' title='bbox 1034 1572 1214 1650; x_wconf 85' lang='lat' dir='ltr'><em>subjecisse</em></span> <span class='ocrx_word' id='word_1_143' title='bbox 1236 1592 1369 1651; x_wconf 76' lang='lat' dir='ltr'><em>uersum</em></span> 
     </span>
     <span class='ocr_line' id='line_1_17' title="bbox 131 1658 1368 1741; baseline 0.004 -23"><span class='ocrx_word' id='word_1_144' title='bbox 131 1672 169 1741; x_wconf 89' lang='lat' dir='ltr'><em>ac</em></span> <span class='ocrx_word' id='word_1_145' title='bbox 191 1675 290 1737; x_wconf 93' lang='lat' dir='ltr'><em>quem,</em></span> <span class='ocrx_word' id='word_1_146' title='bbox 312 1661 345 1719; x_wconf 85' lang='lat' dir='ltr'><em>si</em></span> <span class='ocrx_word' id='word_1_147' title='bbox 364 1675 428 1719; x_wconf 87' lang='lat' dir='ltr'><em>uort</em></span> <span class='ocrx_word' id='word_1_148' title='bbox 449 1658 618 1734; x_wconf 77' lang='lat' dir='ltr'><em>humarus,</em></span> <span class='ocrx_word' id='word_1_149' title='bbox 650 1665 753 1720; x_wconf 82' lang='lat' dir='ltr'><em>tamea</em></span> <span class='ocrx_word' id='word_1_150' title='bbox 775 1659 903 1720; x_wconf 84' lang='lat' dir='ltr'><em>dicimus</em></span> <span class='ocrx_word' id='word_1_151' title='bbox 933 1659 1126 1739; x_wconf 77' lang='lat' dir='ltr'><em>(primarius)</em></span> <span class='ocrx_word' id='word_1_152' title='bbox 1149 1667 1271 1721; x_wconf 85' lang='lat' dir='ltr'><em>auctor</em></span> <span class='ocrx_word' id='word_1_153' title='bbox 1292 1669 1368 1723; x_wconf 85' lang='lat' dir='ltr'><em>certa</em></span> 
     </span>
     <span class='ocr_line' id='line_1_18' title="bbox 129 1745 1368 1825; baseline 0.003 -20"><span class='ocrx_word' id='word_1_154' title='bbox 129 1745 301 1824; x_wconf 85' lang='lat' dir='ltr'><em>epectaoit;</em></span> <span class='ocrx_word' id='word_1_155' title='bbox 323 1745 412 1824; x_wconf 90' lang='lat' dir='ltr'><em>atqui</em></span> <span class='ocrx_word' id='word_1_156' title='bbox 432 1761 522 1807; x_wconf 85' lang='lat' dir='ltr'><em>memo</em></span> <span class='ocrx_word' id='word_1_157' title='bbox 545 1745 705 1825; x_wconf 85' lang='lat' dir='ltr'><em>hucusque</em></span> <span class='ocrx_word' id='word_1_158' title='bbox 727 1745 911 1807; x_wconf 86' lang='lat' dir='ltr'><em>atterutrum</em></span> <span class='ocrx_word' id='word_1_159' title='bbox 933 1745 1178 1807; x_wconf 79' lang='lat' dir='ltr'><em>deueoustraudo</em></span> <span class='ocrx_word' id='word_1_160' title='bbox 1205 1762 1273 1825; x_wconf 80' lang='lat' dir='ltr'><em>par</em></span> <span class='ocrx_word' id='word_1_161' title='bbox 1301 1755 1368 1809; x_wconf 80' lang='lat' dir='ltr'><em>eret</em></span> 
     </span>
     <span class='ocr_line' id='line_1_19' title="bbox 127 1829 1368 1910; baseline 0.003 -19"><span class='ocrx_word' id='word_1_162' title='bbox 127 1844 130 1851; x_wconf 89' lang='lat'>·</span> <span class='ocrx_word' id='word_1_163' title='bbox 217 1829 268 1892; x_wconf 84' lang='lat' dir='ltr'><em>Ad</em></span> <span class='ocrx_word' id='word_1_164' title='bbox 290 1829 326 1906; x_wconf 86' lang='lat' dir='ltr'><em>b)</em></span> <span class='ocrx_word' id='word_1_165' title='bbox 350 1839 380 1892; x_wconf 89' lang='lat' dir='ltr'><em>et</em></span> <span class='ocrx_word' id='word_1_166' title='bbox 401 1836 437 1906; x_wconf 81' lang='lat' dir='ltr'><em>c)</em></span> <span class='ocrx_word' id='word_1_167' title='bbox 463 1829 563 1892; x_wconf 91' lang='lat' dir='ltr'><em>Verba</em></span> <span class='ocrx_word' id='word_1_168' title='bbox 586 1839 648 1893; x_wconf 89' lang='lat' dir='ltr'><em>tam</em></span> <span class='ocrx_word' id='word_1_169' title='bbox 669 1829 775 1892; x_wconf 79' lang='lat' dir='ltr'><em>Isaiae</em></span> <span class='ocrx_word' id='word_1_170' title='bbox 798 1830 852 1907; x_wconf 86' lang='lat'><em>53,</em></span> <span class='ocrx_word' id='word_1_171' title='bbox 875 1831 916 1907; x_wconf 75' lang='grc'><em>4.,</em></span> <span class='ocrx_word' id='word_1_172' title='bbox 939 1850 1032 1910; x_wconf 89' lang='lat' dir='ltr'><em>quam</em></span> <span class='ocrx_word' id='word_1_173' title='bbox 1044 1829 1162 1893; x_wconf 81' lang='lat' dir='ltr'><em>Christi</em></span> <span class='ocrx_word' id='word_1_174' title='bbox 1174 1830 1300 1894; x_wconf 73' lang='lat' dir='ltr'><em>daona.</em></span> <span class='ocrx_word' id='word_1_175' title='bbox 1325 1834 1368 1907; x_wconf 83' lang='lat' dir='ltr'><em>tt,</em></span> 
     </span>
     <span class='ocr_line' id='line_1_20' title="bbox 134 1912 1369 1997; baseline 0.002 -18"><span class='ocrx_word' id='word_1_176' title='bbox 134 1915 186 1979; x_wconf 86' lang='lat'><em>12.</em></span> <span class='ocrx_word' id='word_1_177' title='bbox 210 1918 290 1979; x_wconf 86' lang='lat' dir='ltr'><em>adea</em></span> <span class='ocrx_word' id='word_1_178' title='bbox 314 1918 375 1980; x_wconf 85' lang='lat' dir='ltr'><em>tate</em></span> <span class='ocrx_word' id='word_1_179' title='bbox 395 1923 516 1997; x_wconf 85' lang='lat' dir='ltr'><em>pateat,</em></span> <span class='ocrx_word' id='word_1_180' title='bbox 538 1924 574 1978; x_wconf 87' lang='lat' dir='ltr'><em>ut</em></span> <span class='ocrx_word' id='word_1_181' title='bbox 595 1918 663 1979; x_wconf 86' lang='lat' dir='ltr'><em>iltis</em></span> <span class='ocrx_word' id='word_1_182' title='bbox 685 1918 862 1978; x_wconf 79' lang='lat' dir='ltr'><em>omnimoda</em></span> <span class='ocrx_word' id='word_1_183' title='bbox 884 1912 1041 1978; x_wconf 85' lang='lat' dir='ltr'><em>homiuum</em></span> <span class='ocrx_word' id='word_1_184' title='bbox 1062 1918 1253 1995; x_wconf 77' lang='lat' dir='ltr'><em>iufirmitas,</em></span> <span class='ocrx_word' id='word_1_185' title='bbox 1289 1920 1369 1981; x_wconf 79' lang='lat' dir='ltr'><em>hisee</em></span> 
     </span>
     <span class='ocr_line' id='line_1_21' title="bbox 130 2001 1369 2082; baseline 0.002 -18"><span class='ocrx_word' id='word_1_186' title='bbox 130 2001 222 2064; x_wconf 83' lang='lat' dir='ltr'><em>salus</em></span> <span class='ocrx_word' id='word_1_187' title='bbox 244 2004 470 2082; x_wconf 84' lang='lat' dir='ltr'><em>discipulorum</em></span> <span class='ocrx_word' id='word_1_188' title='bbox 491 2010 555 2064; x_wconf 87' lang='lat' dir='ltr'><em>tum</em></span> <span class='ocrx_word' id='word_1_189' title='bbox 577 2005 755 2081; x_wconf 76' lang='lat' dir='ltr'><em>spiritualis</em></span> <span class='ocrx_word' id='word_1_190' title='bbox 776 2011 839 2064; x_wconf 88' lang='lat' dir='ltr'><em>tum</em></span> <span class='ocrx_word' id='word_1_191' title='bbox 861 2004 1041 2082; x_wconf 83' lang='lat' dir='ltr'><em>corporatis</em></span> <span class='ocrx_word' id='word_1_192' title='bbox 1069 2003 1369 2082; x_wconf 63' lang='lat' dir='ltr'><em>comprehendatum</em></span> 
     </span>
     <span class='ocr_line' id='line_1_22' title="bbox 130 2084 1368 2170; baseline 0 -19"><span class='ocrx_word' id='word_1_193' title='bbox 130 2090 244 2169; x_wconf 85' lang='lat' dir='ltr'><em>quodsi</em></span> <span class='ocrx_word' id='word_1_194' title='bbox 264 2092 368 2170; x_wconf 90' lang='lat' dir='ltr'><em>itaque</em></span> <span class='ocrx_word' id='word_1_195' title='bbox 389 2108 433 2151; x_wconf 85' lang='lat' dir='ltr'><em>ss.</em></span> <span class='ocrx_word' id='word_1_196' title='bbox 456 2091 629 2167; x_wconf 89' lang='lat' dir='ltr'><em>scriptores</em></span> <span class='ocrx_word' id='word_1_197' title='bbox 643 2090 714 2167; x_wconf 80' lang='lat' dir='ltr'><em>jam</em></span> <span class='ocrx_word' id='word_1_198' title='bbox 736 2089 904 2167; x_wconf 83' lang='lat' dir='ltr'><em>hauc,jam</em></span> <span class='ocrx_word' id='word_1_199' title='bbox 925 2090 1013 2151; x_wconf 83' lang='lat' dir='ltr'><em>ittam</em></span> <span class='ocrx_word' id='word_1_200' title='bbox 1034 2107 1149 2151; x_wconf 84' lang='lat' dir='ltr'><em>seusus</em></span> <span class='ocrx_word' id='word_1_201' title='bbox 1172 2090 1237 2153; x_wconf 84' lang='lat' dir='ltr'><em>iate</em></span> <span class='ocrx_word' id='word_1_202' title='bbox 1257 2084 1368 2170; x_wconf 78' lang='lat' dir='ltr'><em>pateis·</em></span> 
     </span>
     <span class='ocr_line' id='line_1_23' title="bbox 132 2174 1369 2256; baseline 0 -19"><span class='ocrx_word' id='word_1_203' title='bbox 132 2178 176 2237; x_wconf 85' lang='lat' dir='ltr'><em>tis</em></span> <span class='ocrx_word' id='word_1_204' title='bbox 196 2183 319 2254; x_wconf 92' lang='lat' dir='ltr'><em>partem</em></span> <span class='ocrx_word' id='word_1_205' title='bbox 339 2177 529 2254; x_wconf 79' lang='lat' dir='ltr'><em>respiciunt,</em></span> <span class='ocrx_word' id='word_1_206' title='bbox 553 2175 660 2237; x_wconf 87' lang='lat' dir='ltr'><em>aerbis</em></span> <span class='ocrx_word' id='word_1_207' title='bbox 682 2193 745 2236; x_wconf 86' lang='lat' dir='ltr'><em>moa</em></span> <span class='ocrx_word' id='word_1_208' title='bbox 767 2175 862 2237; x_wconf 82' lang='lat' dir='ltr'><em>talem</em></span> <span class='ocrx_word' id='word_1_209' title='bbox 883 2175 1056 2253; x_wconf 78' lang='lat' dir='ltr'><em>subjiciunt</em></span> <span class='ocrx_word' id='word_1_210' title='bbox 1076 2194 1223 2253; x_wconf 70' lang='lat' dir='ltr'><em>ameum,</em></span> <span class='ocrx_word' id='word_1_211' title='bbox 1257 2179 1313 2256; x_wconf 81' lang='lat' dir='ltr'><em>qiu‘</em></span> <span class='ocrx_word' id='word_1_212' title='bbox 1330 2174 1369 2236; x_wconf 84' lang='lat' dir='ltr'><em>ob</em></span> 
     </span>
     <span class='ocr_line' id='line_1_24' title="bbox 130 2259 1372 2340; baseline -0.002 -15"><span class='ocrx_word' id='word_1_213' title='bbox 130 2265 179 2325; x_wconf 83' lang='lat' dir='ltr'><em>eis</em></span> <span class='ocrx_word' id='word_1_214' title='bbox 201 2280 216 2322; x_wconf 91' lang='lat' dir='ltr'><em>e</em></span> <span class='ocrx_word' id='word_1_215' title='bbox 240 2270 386 2325; x_wconf 80' lang='lat' dir='ltr'><em>comeatu</em></span> <span class='ocrx_word' id='word_1_216' title='bbox 408 2270 439 2324; x_wconf 89' lang='lat' dir='ltr'><em>et</em></span> <span class='ocrx_word' id='word_1_217' title='bbox 460 2261 626 2325; x_wconf 79' lang='lat' dir='ltr'><em>ordinaria</em></span> <span class='ocrx_word' id='word_1_218' title='bbox 648 2266 710 2323; x_wconf 83' lang='lat' dir='ltr'><em>sud</em></span> <span class='ocrx_word' id='word_1_219' title='bbox 731 2263 763 2322; x_wconf 87' lang='lat' dir='ltr'><em>oi</em></span> <span class='ocrx_word' id='word_1_220' title='bbox 784 2265 936 2340; x_wconf 82' lang='lat' dir='ltr'><em>spectatis</em></span> <span class='ocrx_word' id='word_1_221' title='bbox 958 2270 1042 2323; x_wconf 86' lang='lat' dir='ltr'><em>esset</em></span> <span class='ocrx_word' id='word_1_222' title='bbox 1062 2263 1197 2324; x_wconf 75' lang='lat' dir='ltr'><em>obiectus.</em></span> <span class='ocrx_word' id='word_1_223' title='bbox 1218 2294 1263 2309; x_wconf 86' lang='lat'><em>·-</em></span> <span class='ocrx_word' id='word_1_224' title='bbox 1286 2259 1372 2335; x_wconf 77' lang='lat' dir='ltr'><em>Quod</em></span> 
     </span>
     <span class='ocr_line' id='line_1_25' title="bbox 130 2345 1369 2429; baseline -0.003 -16"><span class='ocrx_word' id='word_1_225' title='bbox 130 2351 243 2415; x_wconf 84' lang='lat' dir='ltr'><em>attimet</em></span> <span class='ocrx_word' id='word_1_226' title='bbox 262 2348 379 2410; x_wconf 83' lang='lat' dir='ltr'><em>Joaua.</em></span> <span class='ocrx_word' id='word_1_227' title='bbox 406 2349 458 2426; x_wconf 88' lang='lat'><em>11,</em></span> <span class='ocrx_word' id='word_1_228' title='bbox 481 2347 534 2409; x_wconf 86' lang='lat'><em>50.</em></span> <span class='ocrx_word' id='word_1_229' title='bbox 558 2349 622 2425; x_wconf 86' lang='lat'><em>51,</em></span> <span class='ocrx_word' id='word_1_230' title='bbox 645 2348 819 2429; x_wconf 82' lang='lat' dir='ltr'><em>Apostolus</em></span> <span class='ocrx_word' id='word_1_231' title='bbox 841 2349 946 2410; x_wconf 83' lang='lat' dir='ltr'><em>dicere</em></span> <span class='ocrx_word' id='word_1_232' title='bbox 968 2348 1077 2425; x_wconf 86' lang='lat' dir='ltr'><em>ootue&#39;t,</em></span> <span class='ocrx_word' id='word_1_233' title='bbox 1100 2345 1169 2409; x_wconf 87' lang='lat' dir='ltr'><em>Deo</em></span> <span class='ocrx_word' id='word_1_234' title='bbox 1191 2349 1243 2410; x_wconf 84' lang='lat' dir='ltr'><em>sic</em></span> <span class='ocrx_word' id='word_1_235' title='bbox 1266 2349 1369 2410; x_wconf 87' lang='lat' dir='ltr'><em>mode·</em></span> 
     </span>
     <span class='ocr_line' id='line_1_26' title="bbox 129 2433 1370 2515; baseline 0.001 -19"><span class='ocrx_word' id='word_1_236' title='bbox 129 2443 219 2496; x_wconf 90' lang='lat' dir='ltr'><em>raate</em></span> <span class='ocrx_word' id='word_1_237' title='bbox 239 2434 358 2513; x_wconf 84' lang='lat' dir='ltr'><em>factum</em></span> <span class='ocrx_word' id='word_1_238' title='bbox 380 2451 461 2510; x_wconf 89' lang='lat' dir='ltr'><em>esse,</em></span> <span class='ocrx_word' id='word_1_239' title='bbox 483 2442 519 2496; x_wconf 91' lang='lat' dir='ltr'><em>ut</em></span> <span class='ocrx_word' id='word_1_240' title='bbox 539 2452 679 2496; x_wconf 86' lang='lat' dir='ltr'><em>summus</em></span> <span class='ocrx_word' id='word_1_241' title='bbox 700 2433 863 2510; x_wconf 80' lang='lat' dir='ltr'><em>sacerdos,</em></span> <span class='ocrx_word' id='word_1_242' title='bbox 886 2435 941 2514; x_wconf 85' lang='lat' dir='ltr'><em>qui</em></span> <span class='ocrx_word' id='word_1_243' title='bbox 962 2433 1370 2515; x_wconf 75' lang='lat' dir='ltr'><em>antiquioribue&#39;tempori-</em></span> 
     </span>
     <span class='ocr_line' id='line_1_27' title="bbox 127 2519 1370 2600; baseline -0.002 -17"><span class='ocrx_word' id='word_1_244' title='bbox 127 2520 190 2583; x_wconf 84' lang='lat' dir='ltr'><em>bus</em></span> <span class='ocrx_word' id='word_1_245' title='bbox 213 2539 271 2599; x_wconf 92' lang='lat' dir='ltr'><em>ope</em></span> <span class='ocrx_word' id='word_1_246' title='bbox 296 2519 382 2581; x_wconf 85' lang='lat' dir='ltr'><em>Urim</em></span> <span class='ocrx_word' id='word_1_247' title='bbox 404 2528 435 2582; x_wconf 89' lang='lat' dir='ltr'><em>et</em></span> <span class='ocrx_word' id='word_1_248' title='bbox 457 2519 595 2581; x_wconf 83' lang='lat' dir='ltr'><em>Thamim</em></span> <span class='ocrx_word' id='word_1_249' title='bbox 617 2521 788 2582; x_wconf 85' lang='lat' dir='ltr'><em>ootuutotie</em></span> <span class='ocrx_word' id='word_1_250' title='bbox 817 2521 944 2582; x_wconf 77' lang='lat' dir='ltr'><em>diuisae</em></span> <span class='ocrx_word' id='word_1_251' title='bbox 975 2529 1046 2582; x_wconf 90' lang='lat' dir='ltr'><em>erat</em></span> <span class='ocrx_word' id='word_1_252' title='bbox 1071 2521 1251 2600; x_wconf 74' lang='lat' dir='ltr'><em>interpres,</em></span> <span class='ocrx_word' id='word_1_253' title='bbox 1285 2523 1370 2585; x_wconf 86' lang='lat' dir='ltr'><em>etiam</em></span> 
     </span>
     <span class='ocr_line' id='line_1_28' title="bbox 128 2605 1369 2687; baseline 0.002 -18"><span class='ocrx_word' id='word_1_254' title='bbox 128 2606 191 2669; x_wconf 84' lang='lat' dir='ltr'><em>hoc</em></span> <span class='ocrx_word' id='word_1_255' title='bbox 214 2610 249 2667; x_wconf 86' lang='lat' dir='ltr'><em>ire</em></span> <span class='ocrx_word' id='word_1_256' title='bbox 272 2624 350 2669; x_wconf 86' lang='lat' dir='ltr'><em>casu</em></span> <span class='ocrx_word' id='word_1_257' title='bbox 372 2608 562 2687; x_wconf 78' lang='lat' dir='ltr'><em>pravissimo</em></span> <span class='ocrx_word' id='word_1_258' title='bbox 585 2607 739 2684; x_wconf 82' lang='lat' dir='ltr'><em>ejusmodi</em></span> <span class='ocrx_word' id='word_1_259' title='bbox 761 2605 924 2668; x_wconf 81' lang='lat' dir='ltr'><em>adhiberet</em></span> <span class='ocrx_word' id='word_1_260' title='bbox 943 2607 1143 2686; x_wconf 71' lang='lat' dir='ltr'><em>rerumquae</em></span> <span class='ocrx_word' id='word_1_261' title='bbox 1165 2615 1256 2669; x_wconf 91' lang='lat' dir='ltr'><em>certo</em></span> <span class='ocrx_word' id='word_1_262' title='bbox 1278 2616 1369 2671; x_wconf 70' lang='lat' dir='ltr'><em>scatet</em></span> 
     </span>
     <span class='ocr_line' id='line_1_29' title="bbox 132 2690 1368 2773; baseline -0.002 -18"><span class='ocrx_word' id='word_1_263' title='bbox 132 2694 291 2756; x_wconf 85' lang='lat' dir='ltr'><em>iutetlecta</em></span> <span class='ocrx_word' id='word_1_264' title='bbox 319 2693 517 2772; x_wconf 75' lang='lat' dir='ltr'><em>prophetiam</em></span> <span class='ocrx_word' id='word_1_265' title='bbox 547 2693 585 2754; x_wconf 94' lang='lat' dir='ltr'><em>de</em></span> <span class='ocrx_word' id='word_1_266' title='bbox 615 2690 775 2773; x_wconf 77' lang='lat' dir='ltr'><em>effectibus</em></span> <span class='ocrx_word' id='word_1_267' title='bbox 815 2695 926 2755; x_wconf 79' lang='lat' dir='ltr'><em>mortis</em></span> <span class='ocrx_word' id='word_1_268' title='bbox 960 2690 1083 2754; x_wconf 82' lang='lat' dir='ltr'><em>Clerieti</em></span> <span class='ocrx_word' id='word_1_269' title='bbox 1108 2694 1312 2756; x_wconf 77' lang='lat' dir='ltr'><em>continerent</em></span> <span class='ocrx_word' id='word_1_270' title='bbox 1325 2692 1368 2768; x_wconf 70' lang='lat' dir='ltr'><em>*h</em></span> 
     </span>
     <span class='ocr_line' id='line_1_30' title="bbox 127 2776 1369 2857; baseline 0 -18"><span class='ocrx_word' id='word_1_271' title='bbox 127 2776 253 2852; x_wconf 79' lang='lat' dir='ltr'><em>Quodsi</em></span> <span class='ocrx_word' id='word_1_272' title='bbox 274 2787 378 2840; x_wconf 89' lang='lat' dir='ltr'><em>autem</em></span> <span class='ocrx_word' id='word_1_273' title='bbox 391 2776 564 2857; x_wconf 83' lang='lat' dir='ltr'><em>Apostolus</em></span> <span class='ocrx_word' id='word_1_274' title='bbox 584 2786 670 2840; x_wconf 82' lang='lat' dir='ltr'><em>recte</em></span> <span class='ocrx_word' id='word_1_275' title='bbox 691 2777 876 2854; x_wconf 89' lang='lat' dir='ltr'><em>teauit,Deo</em></span> <span class='ocrx_word' id='word_1_276' title='bbox 898 2779 1051 2857; x_wconf 72' lang='lat' dir='ltr'><em>diriqeate</em></span> <span class='ocrx_word' id='word_1_277' title='bbox 1072 2796 1240 2840; x_wconf 83' lang='lat' dir='ltr'><em>asumma</em></span> <span class='ocrx_word' id='word_1_278' title='bbox 1262 2798 1369 2842; x_wconf 88' lang='lat' dir='ltr'><em>sacer·</em></span> 
     </span>
     <span class='ocr_line' id='line_1_31' title="bbox 128 2864 1371 2944; baseline 0.002 -17"><span class='ocrx_word' id='word_1_279' title='bbox 128 2865 201 2927; x_wconf 89' lang='lat' dir='ltr'><em>dote</em></span> <span class='ocrx_word' id='word_1_280' title='bbox 224 2865 303 2927; x_wconf 85' lang='lat' dir='ltr'><em>tah&#39;a</em></span> <span class='ocrx_word' id='word_1_281' title='bbox 324 2865 465 2928; x_wconf 85' lang='lat' dir='ltr'><em>adhibita</em></span> <span class='ocrx_word' id='word_1_282' title='bbox 487 2882 557 2927; x_wconf 85' lang='lat' dir='ltr'><em>esse</em></span> <span class='ocrx_word' id='word_1_283' title='bbox 579 2864 685 2943; x_wconf 82' lang='lat' dir='ltr'><em>cerba,</em></span> <span class='ocrx_word' id='word_1_284' title='bbox 709 2883 789 2944; x_wconf 91' lang='lat' dir='ltr'><em>quae</em></span> <span class='ocrx_word' id='word_1_285' title='bbox 812 2872 898 2927; x_wconf 88' lang='lat' dir='ltr'><em>certo</em></span> <span class='ocrx_word' id='word_1_286' title='bbox 920 2882 1017 2927; x_wconf 84' lang='lat' dir='ltr'><em>seasu</em></span> <span class='ocrx_word' id='word_1_287' title='bbox 1049 2872 1183 2944; x_wconf 87' lang='lat' dir='ltr'><em>accepta</em></span> <span class='ocrx_word' id='word_1_288' title='bbox 1211 2868 1371 2929; x_wconf 80' lang='lat' dir='ltr'><em>aerttaua</em></span> 
     </span>
     <span class='ocr_line' id='line_1_32' title="bbox 128 2949 1369 3029; baseline 0.001 -16"><span class='ocrx_word' id='word_1_289' title='bbox 128 2951 336 3014; x_wconf 74' lang='lat' dir='ltr'><em>christianam</em></span> <span class='ocrx_word' id='word_1_290' title='bbox 358 2952 532 3013; x_wconf 74' lang='lat' dir='ltr'><em>edicerent:</em></span> <span class='ocrx_word' id='word_1_291' title='bbox 554 2969 669 3014; x_wconf 81' lang='lat' dir='ltr'><em>sensus</em></span> <span class='ocrx_word' id='word_1_292' title='bbox 691 2952 745 3013; x_wconf 86' lang='lat' dir='ltr'><em>itte</em></span> <span class='ocrx_word' id='word_1_293' title='bbox 767 2950 876 3013; x_wconf 82' lang='lat' dir='ltr'><em>verbis</em></span> <span class='ocrx_word' id='word_1_294' title='bbox 897 2949 1036 3029; x_wconf 76' lang='lat' dir='ltr'><em>Caiphae</em></span> <span class='ocrx_word' id='word_1_295' title='bbox 1058 2969 1087 3014; x_wconf 91' lang='lat' dir='ltr'><em>a.</em></span> <span class='ocrx_word' id='word_1_296' title='bbox 1111 2950 1277 3015; x_wconf 73' lang='lat' dir='ltr'><em>escuem</em></span> <span class='ocrx_word' id='word_1_297' title='bbox 1298 2951 1369 3014; x_wconf 83' lang='lat' dir='ltr'><em>sub·</em></span> 
     </span>
     <span class='ocr_line' id='line_1_33' title="bbox 124 3036 1370 3117; baseline -0.002 -16"><span class='ocrx_word' id='word_1_298' title='bbox 124 3038 229 3116; x_wconf 73' lang='lat' dir='ltr'><em>pectus</em></span> <span class='ocrx_word' id='word_1_299' title='bbox 253 3045 301 3100; x_wconf 87' lang='lat' dir='ltr'><em>est</em></span> <span class='ocrx_word' id='word_1_300' title='bbox 320 3056 445 3114; x_wconf 80' lang='lat' dir='ltr'><em>seusus,</em></span> <span class='ocrx_word' id='word_1_301' title='bbox 467 3056 558 3117; x_wconf 92' lang='lat' dir='ltr'><em>quem</em></span> <span class='ocrx_word' id='word_1_302' title='bbox 579 3036 665 3100; x_wconf 85' lang='lat' dir='ltr'><em>Deus</em></span> <span class='ocrx_word' id='word_1_303' title='bbox 685 3056 744 3116; x_wconf 91' lang='lat' dir='ltr'><em>per</em></span> <span class='ocrx_word' id='word_1_304' title='bbox 765 3038 940 3117; x_wconf 77' lang='lat' dir='ltr'><em>pontificem</em></span> <span class='ocrx_word' id='word_1_305' title='bbox 963 3037 1095 3115; x_wconf 82' lang='lat' dir='ltr'><em>iaqueus</em></span> <span class='ocrx_word' id='word_1_306' title='bbox 1115 3040 1285 3116; x_wconf 82' lang='lat' dir='ltr'><em>spectauit,</em></span> <span class='ocrx_word' id='word_1_307' title='bbox 1305 3054 1370 3116; x_wconf 84' lang='lat' dir='ltr'><em>erqo</em></span> 
     </span>
     <span class='ocr_line' id='line_1_34' title="bbox 130 3123 1369 3204; baseline 0.002 -19"><span class='ocrx_word' id='word_1_308' title='bbox 130 3132 274 3203; x_wconf 84' lang='lat' dir='ltr'><em>respecta</em></span> <span class='ocrx_word' id='word_1_309' title='bbox 295 3123 357 3186; x_wconf 88' lang='lat' dir='ltr'><em>Dei</em></span> <span class='ocrx_word' id='word_1_310' title='bbox 377 3143 441 3186; x_wconf 85' lang='lat' dir='ltr'><em>mou</em></span> <span class='ocrx_word' id='word_1_311' title='bbox 462 3125 689 3204; x_wconf 54' lang='lat' dir='ltr'><em>mysticoque</em></span> <span class='ocrx_word' id='word_1_312' title='bbox 710 3124 856 3201; x_wconf 75' lang='lat' dir='ltr'><em>literatis,</em></span> <span class='ocrx_word' id='word_1_313' title='bbox 880 3132 912 3187; x_wconf 91' lang='lat' dir='ltr'><em>et</em></span> <span class='ocrx_word' id='word_1_314' title='bbox 931 3124 1032 3185; x_wconf 83' lang='lat' dir='ltr'><em>relate</em></span> <span class='ocrx_word' id='word_1_315' title='bbox 1054 3124 1098 3186; x_wconf 89' lang='lat' dir='ltr'><em>ad</em></span> <span class='ocrx_word' id='word_1_316' title='bbox 1117 3141 1179 3185; x_wconf 83' lang='lat' dir='ltr'><em>reos</em></span> <span class='ocrx_word' id='word_1_317' title='bbox 1201 3125 1369 3188; x_wconf 70' lang='lat' dir='ltr'><em>historico·</em></span> 
     </span>
     <span class='ocr_line' id='line_1_35' title="bbox 130 3211 1224 3290; baseline -0.004 -15"><span class='ocrx_word' id='word_1_318' title='bbox 130 3211 285 3290; x_wconf 81' lang='lat' dir='ltr'><em>lopicus.·-</em></span> <span class='ocrx_word' id='word_1_319' title='bbox 1221 3264 1224 3271; x_wconf 93' lang='lat'><em>.</em></span> 
     </span>
     <span class='ocr_line' id='line_1_36' title="bbox 216 3292 1371 3378; baseline -0.003 -19"><span class='ocrx_word' id='word_1_320' title='bbox 216 3295 440 3376; x_wconf 83' lang='lat' dir='ltr'><em>Arqameutum</em></span> <span class='ocrx_word' id='word_1_321' title='bbox 461 3296 493 3359; x_wconf 74' lang='grc'><em>4.</em></span> <span class='ocrx_word' id='word_1_322' title='bbox 515 3294 568 3360; x_wconf 87' lang='lat' dir='ltr'><em>SS.</em></span> <span class='ocrx_word' id='word_1_323' title='bbox 591 3294 697 3358; x_wconf 84' lang='lat' dir='ltr'><em>Patres</em></span> <span class='ocrx_word' id='word_1_324' title='bbox 719 3310 782 3357; x_wconf 88' lang='lat' dir='ltr'><em>nou</em></span> <span class='ocrx_word' id='word_1_325' title='bbox 803 3293 895 3358; x_wconf 87' lang='lat' dir='ltr'><em>modo</em></span> <span class='ocrx_word' id='word_1_326' title='bbox 918 3294 1038 3378; x_wconf 82' lang='lat' dir='ltr'><em>singule</em></span> <span class='ocrx_word' id='word_1_327' title='bbox 1067 3294 1138 3359; x_wconf 84' lang='lat' dir='ltr'><em>locu</em></span> <span class='ocrx_word' id='word_1_328' title='bbox 1170 3295 1307 3377; x_wconf 81' lang='lat' dir='ltr'><em>mystice</em></span> <span class='ocrx_word' id='word_1_329' title='bbox 1326 3292 1371 3356; x_wconf 89' lang='lat' dir='ltr'><em>iu·</em></span> 
     </span>
     <span class='ocr_line' id='line_1_37' title="bbox 129 3381 1367 3462; baseline -0.002 -17"><span class='ocrx_word' id='word_1_330' title='bbox 129 3383 288 3462; x_wconf 87' lang='lat' dir='ltr'><em>terpreteti</em></span> <span class='ocrx_word' id='word_1_331' title='bbox 311 3389 391 3460; x_wconf 85' lang='lat' dir='ltr'><em>sunt,</em></span> <span class='ocrx_word' id='word_1_332' title='bbox 410 3381 467 3446; x_wconf 87' lang='lat' dir='ltr'><em>sed</em></span> <span class='ocrx_word' id='word_1_333' title='bbox 490 3382 582 3444; x_wconf 84' lang='lat' dir='ltr'><em>etium</em></span> <span class='ocrx_word' id='word_1_334' title='bbox 603 3382 698 3444; x_wconf 88' lang='lat' dir='ltr'><em>veluti</em></span> <span class='ocrx_word' id='word_1_335' title='bbox 721 3381 875 3444; x_wconf 67' lang='lat' dir='ltr'><em>ordinme</em></span> <span class='ocrx_word' id='word_1_336' title='bbox 899 3381 1045 3462; x_wconf 79' lang='lat' dir='ltr'><em>mysticos</em></span> <span class='ocrx_word' id='word_1_337' title='bbox 1069 3399 1182 3444; x_wconf 87' lang='lat' dir='ltr'><em>sensus</em></span> <span class='ocrx_word' id='word_1_338' title='bbox 1206 3381 1367 3446; x_wconf 84' lang='lat' dir='ltr'><em>esctuudos</em></span> 
     </span>
     <span class='ocr_line' id='line_1_38' title="bbox 130 3462 1368 3549; baseline 0.002 -19"><span class='ocrx_word' id='word_1_339' title='bbox 130 3485 203 3530; x_wconf 91' lang='lat' dir='ltr'><em>esse</em></span> <span class='ocrx_word' id='word_1_340' title='bbox 224 3468 391 3547; x_wconf 84' lang='lat' dir='ltr'><em>declarent,</em></span> <span class='ocrx_word' id='word_1_341' title='bbox 425 3468 469 3530; x_wconf 92' lang='lat' dir='ltr'><em>uti</em></span> <span class='ocrx_word' id='word_1_342' title='bbox 490 3467 584 3530; x_wconf 89' lang='lat' dir='ltr'><em>ducet</em></span> <span class='ocrx_word' id='word_1_343' title='bbox 606 3486 631 3531; x_wconf 88' lang='lat' dir='ltr'><em>s.</em></span> <span class='ocrx_word' id='word_1_344' title='bbox 654 3467 845 3549; x_wconf 82' lang='lat' dir='ltr'><em>Augustinus</em></span> <span class='ocrx_word' id='word_1_345' title='bbox 870 3468 1006 3532; x_wconf 87' lang='lat' dir='ltr'><em>confess.</em></span> <span class='ocrx_word' id='word_1_346' title='bbox 1031 3467 1172 3530; x_wconf 89' lang='lat' dir='ltr'><em>lib.X11.</em></span> <span class='ocrx_word' id='word_1_347' title='bbox 1199 3485 1227 3532; x_wconf 87' lang='lat' dir='ltr'><em>c.</em></span> <span class='ocrx_word' id='word_1_348' title='bbox 1251 3466 1307 3532; x_wconf 82' lang='lat'><em>30.</em></span> <span class='ocrx_word' id='word_1_349' title='bbox 1324 3462 1368 3546; x_wconf 69' lang='grc' dir='ltr'><em>*Ἴ</em></span> 
     </span>
    </p>
   </div>
   <div class='ocr_carea' id='block_1_3' title="bbox 126 3626 441 3643">
    <p class='ocr_par' dir='ltr' id='par_1_3' title="bbox 126 3626 441 3643">
     <span class='ocr_line' id='line_1_39' title="bbox 126 3626 441 3643; baseline 0 -3"><span class='ocrx_word' id='word_1_350' title='bbox 126 3626 441 3643; x_wconf 52' lang='lat'><em>*-—</em></span> 
     </span>
    </p>
   </div>
   <div class='ocr_carea' id='block_1_4' title="bbox 130 3694 1377 4459">
    <p class='ocr_par' dir='ltr' id='par_1_4' title="bbox 169 3694 1371 3767">
     <span class='ocr_line' id='line_1_40' title="bbox 169 3694 1371 3767; baseline -0.003 -18"><span class='ocrx_word' id='word_1_351' title='bbox 169 3699 199 3765; x_wconf 70' lang='lat'><em>⁴&#39;)</em></span> <span class='ocrx_word' id='word_1_352' title='bbox 219 3695 272 3749; x_wconf 84' lang='lat' dir='ltr'><em>Gir.</em></span> <span class='ocrx_word' id='word_1_353' title='bbox 289 3696 375 3751; x_wconf 84' lang='lat' dir='ltr'><em>Exodi</em></span> <span class='ocrx_word' id='word_1_354' title='bbox 392 3698 435 3764; x_wconf 81' lang='lat'><em>28,</em></span> <span class='ocrx_word' id='word_1_355' title='bbox 453 3697 495 3751; x_wconf 82' lang='lat'><em>30.</em></span> <span class='ocrx_word' id='word_1_356' title='bbox 513 3696 587 3751; x_wconf 84' lang='lat' dir='ltr'><em>Num.</em></span> <span class='ocrx_word' id='word_1_357' title='bbox 605 3698 649 3761; x_wconf 82' lang='lat'><em>27,</em></span> <span class='ocrx_word' id='word_1_358' title='bbox 668 3698 709 3750; x_wconf 80' lang='lat'><em>19.</em></span> <span class='ocrx_word' id='word_1_359' title='bbox 728 3713 802 3767; x_wconf 84' lang='lat' dir='ltr'><em>seqq.</em></span> <span class='ocrx_word' id='word_1_360' title='bbox 833 3697 940 3751; x_wconf 88' lang='lat' dir='ltr'><em>Deuter.</em></span> <span class='ocrx_word' id='word_1_361' title='bbox 958 3694 992 3765; x_wconf 87' lang='lat' dir='ltr'><em>pl.</em></span> <span class='ocrx_word' id='word_1_362' title='bbox 1010 3697 1038 3750; x_wconf 90' lang='lat' dir='ltr'><em>ll.</em></span> <span class='ocrx_word' id='word_1_363' title='bbox 1057 3695 1091 3750; x_wconf 85' lang='lat' dir='ltr'><em>ul.</em></span> <span class='ocrx_word' id='word_1_364' title='bbox 1122 3695 1208 3749; x_wconf 80' lang='lat' dir='ltr'><em>Etiam</em></span> <span class='ocrx_word' id='word_1_365' title='bbox 1235 3696 1371 3751; x_wconf 79' lang='lat' dir='ltr'><em>daemones</em></span> 
     </span>
    </p>

    <p class='ocr_par' dir='ltr' id='par_1_5' title="bbox 216 3764 1370 3836">
     <span class='ocr_line' id='line_1_41' title="bbox 216 3764 1370 3836; baseline -0.005 -17"><span class='ocrx_word' id='word_1_366' title='bbox 216 3767 320 3819; x_wconf 78' lang='lat' dir='ltr'><em>veritati</em></span> <span class='ocrx_word' id='word_1_367' title='bbox 343 3770 517 3820; x_wconf 83' lang='lat' dir='ltr'><em>testimonium</em></span> <span class='ocrx_word' id='word_1_368' title='bbox 542 3769 689 3820; x_wconf 81' lang='lat' dir='ltr'><em>exhibuisse</em></span> <span class='ocrx_word' id='word_1_369' title='bbox 712 3767 835 3836; x_wconf 86' lang='lat' dir='ltr'><em>leguntur</em></span> <span class='ocrx_word' id='word_1_370' title='bbox 857 3769 885 3819; x_wconf 88' lang='lat' dir='ltr'><em>in</em></span> <span class='ocrx_word' id='word_1_371' title='bbox 909 3766 938 3818; x_wconf 80' lang='lat' dir='ltr'><em>tt.</em></span> <span class='ocrx_word' id='word_1_372' title='bbox 963 3766 1001 3831; x_wconf 76' lang='lat' dir='ltr'><em>T,</em></span> <span class='ocrx_word' id='word_1_373' title='bbox 1024 3784 1049 3820; x_wconf 88' lang='lat' dir='ltr'><em>v.</em></span> <span class='ocrx_word' id='word_1_374' title='bbox 1068 3780 1092 3836; x_wconf 69' lang='lat' dir='ltr'><em>g.</em></span> <span class='ocrx_word' id='word_1_375' title='bbox 1115 3766 1173 3818; x_wconf 80' lang='lat' dir='ltr'><em>Act.</em></span> <span class='ocrx_word' id='word_1_376' title='bbox 1197 3766 1243 3833; x_wconf 81' lang='grc'><em>16,</em></span> <span class='ocrx_word' id='word_1_377' title='bbox 1269 3764 1370 3818; x_wconf 84' lang='grc'><strong>16.17,</strong></span> 
     </span>
    </p>

    <p class='ocr_par' dir='ltr' id='par_1_6' title="bbox 130 3829 1377 4459">
     <span class='ocr_line' id='line_1_42' title="bbox 130 3829 1372 3907; baseline 0 -21"><span class='ocrx_word' id='word_1_378' title='bbox 130 3860 134 3865; x_wconf 92' lang='grc'><strong><em>·</em></strong></span> <span class='ocrx_word' id='word_1_379' title='bbox 216 3834 343 3886; x_wconf 87' lang='lat' dir='ltr'><em>Philode</em></span> <span class='ocrx_word' id='word_1_380' title='bbox 367 3846 446 3889; x_wconf 78' lang='lat' dir='ltr'><em>creat.</em></span> <span class='ocrx_word' id='word_1_381' title='bbox 464 3839 545 3903; x_wconf 82' lang='lat' dir='ltr'><em>priua.</em></span> <span class='ocrx_word' id='word_1_382' title='bbox 570 3837 646 3891; x_wconf 84' lang='lat' dir='ltr'><em>dicit:</em></span> <span class='ocrx_word' id='word_1_383' title='bbox 670 3832 790 3906; x_wconf 75' lang='lat' dir='ltr'><em>‘Oropus</em></span> <span class='ocrx_word' id='word_1_384' title='bbox 814 3830 947 3902; x_wconf 70' lang='grc' dir='ltr'><em>ἀλήθειαν</em></span> <span class='ocrx_word' id='word_1_385' title='bbox 971 3832 1057 3905; x_wconf 68' lang='grc' dir='ltr'><em>ἱερούς</em></span> <span class='ocrx_word' id='word_1_386' title='bbox 1081 3829 1168 3888; x_wconf 71' lang='grc' dir='ltr'>εὐθύς</span> <span class='ocrx_word' id='word_1_387' title='bbox 1194 3836 1256 3887; x_wconf 67' lang='lat' dir='ltr'><em>ioue</em></span> <span class='ocrx_word' id='word_1_388' title='bbox 1272 3829 1372 3907; x_wconf 77' lang='grc' dir='ltr'><em>προφή-</em></span> 
     </span>
     <span class='ocr_line' id='line_1_43' title="bbox 130 3898 1371 3976; baseline -0.004 -20"><span class='ocrx_word' id='word_1_389' title='bbox 130 3960 133 3965; x_wconf 66' lang='grc'>,</span> <span class='ocrx_word' id='word_1_390' title='bbox 216 3919 275 3972; x_wconf 77' lang='grc' dir='ltr'><em>της,</em></span> <span class='ocrx_word' id='word_1_391' title='bbox 295 3901 330 3956; x_wconf 76' lang='lat' dir='ltr'><em>osi</em></span> <span class='ocrx_word' id='word_1_392' title='bbox 347 3908 418 3968; x_wconf 78' lang='lat' dir='ltr'><em>pira</em></span> <span class='ocrx_word' id='word_1_393' title='bbox 440 3907 540 3965; x_wconf 77' lang='grc' dir='ltr'><em>μᾶλλον</em></span> <span class='ocrx_word' id='word_1_394' title='bbox 557 3902 574 3973; x_wconf 80' lang='grc' dir='ltr'><strong><em>ἥ</em></strong></span> <span class='ocrx_word' id='word_1_395' title='bbox 593 3902 678 3976; x_wconf 72' lang='grc' dir='ltr'><em>ἀρετῇ</em></span> <span class='ocrx_word' id='word_1_396' title='bbox 704 3901 900 3975; x_wconf 77' lang='grc' dir='ltr'><strong><em>παρεληλυθώς</em></strong></span> <span class='ocrx_word' id='word_1_397' title='bbox 916 3904 961 3957; x_wconf 75' lang='lat' dir='ltr'><em>int</em></span> <span class='ocrx_word' id='word_1_398' title='bbox 978 3900 1030 3972; x_wconf 73' lang='grc' dir='ltr'><em>τήν</em></span> <span class='ocrx_word' id='word_1_399' title='bbox 1044 3905 1098 3956; x_wconf 76' lang='grc' dir='ltr'><em>τσῦ</em></span> <span class='ocrx_word' id='word_1_400' title='bbox 1115 3898 1196 3958; x_wconf 70' lang='lat' dir='ltr'><em>irtus·</em></span> <span class='ocrx_word' id='word_1_401' title='bbox 1213 3902 1371 3974; x_wconf 69' lang='grc' dir='ltr'><em>θεραπείαν.</em></span> 
     </span>
     <span class='ocr_line' id='line_1_44' title="bbox 153 3972 1373 4103; baseline -0.005 -6"><span class='ocrx_word' id='word_1_402' title='bbox 153 3975 199 4043; x_wconf 70' lang='grc'><em>”)</em></span> <span class='ocrx_word' id='word_1_403' title='bbox 216 3973 761 4097; x_wconf 63' lang='lat' dir='ltr'><em>eh¹¹¹¹hhi³¹tt⁰tithhtb⁰t⁵th</em></span> <span class='ocrx_word' id='word_1_404' title='bbox 780 3977 935 4095; x_wconf 53' lang='lat' dir='ltr'><em>{titt}</em></span> <span class='ocrx_word' id='word_1_405' title='bbox 950 3972 1373 4103; x_wconf 60' lang='lat' dir='ltr'><em>tttthttttttteitit</em></span> 
     </span>
     <span class='ocr_line' id='line_1_45' title="bbox 132 4061 1372 4182; baseline -0.005 -18"><span class='ocrx_word' id='word_1_406' title='bbox 132 4130 137 4139; x_wconf 92' lang='lat'>·</span> <span class='ocrx_word' id='word_1_407' title='bbox 218 4061 369 4175; x_wconf 55' lang='lat' dir='ltr'><em>sisegutus</em></span> <span class='ocrx_word' id='word_1_408' title='bbox 388 4081 547 4174; x_wconf 52' lang='lat' dir='ltr'><em>’credentum</em></span> <span class='ocrx_word' id='word_1_409' title='bbox 576 4082 646 4182; x_wconf 75' lang='lat' dir='ltr'><em>quod</em></span> <span class='ocrx_word' id='word_1_410' title='bbox 663 4115 690 4165; x_wconf 89' lang='lat' dir='ltr'><em>in</em></span> <span class='ocrx_word' id='word_1_411' title='bbox 709 4115 746 4164; x_wconf 90' lang='lat' dir='ltr'><em>eis</em></span> <span class='ocrx_word' id='word_1_412' title='bbox 771 4081 880 4164; x_wconf 69' lang='lat' dir='ltr'><em>maxime</em></span> <span class='ocrx_word' id='word_1_413' title='bbox 902 4111 963 4163; x_wconf 86' lang='lat' dir='ltr'><em>luce</em></span> <span class='ocrx_word' id='word_1_414' title='bbox 989 4112 1104 4164; x_wconf 80' lang='lat' dir='ltr'><em>veritatis</em></span> <span class='ocrx_word' id='word_1_415' title='bbox 1122 4119 1150 4163; x_wconf 84' lang='lat' dir='ltr'><em>et</em></span> <span class='ocrx_word' id='word_1_416' title='bbox 1166 4109 1245 4179; x_wconf 73' lang='lat' dir='ltr'><em>hugo</em></span> <span class='ocrx_word' id='word_1_417' title='bbox 1263 4100 1372 4161; x_wconf 79' lang='lat' dir='ltr'><em>utilitatis</em></span> 
     </span>
     <span class='ocr_line' id='line_1_46' title="bbox 131 4176 1374 4250; baseline -0.003 -18"><span class='ocrx_word' id='word_1_418' title='bbox 131 4202 141 4212; x_wconf 91' lang='lat'><em>·</em></span> <span class='ocrx_word' id='word_1_419' title='bbox 217 4180 330 4234; x_wconf 81' lang='lat' dir='ltr'><em>excellit</em></span> <span class='ocrx_word' id='word_1_420' title='bbox 364 4180 403 4236; x_wconf 78' lang='lat' dir='ltr'><em>ltu</em></span> <span class='ocrx_word' id='word_1_421' title='bbox 430 4197 488 4233; x_wconf 86' lang='lat' dir='ltr'><em>cum</em></span> <span class='ocrx_word' id='word_1_422' title='bbox 515 4181 581 4233; x_wconf 77' lang='lat' dir='ltr'><em>elius</em></span> <span class='ocrx_word' id='word_1_423' title='bbox 608 4182 716 4234; x_wconf 82' lang='lat' dir='ltr'><em>dixerit:</em></span> <span class='ocrx_word' id='word_1_424' title='bbox 734 4182 794 4234; x_wconf 82' lang='lat' dir='ltr'><em>Hoc</em></span> <span class='ocrx_word' id='word_1_425' title='bbox 816 4183 902 4246; x_wconf 84' lang='lat' dir='ltr'><em>sentit,</em></span> <span class='ocrx_word' id='word_1_426' title='bbox 920 4180 992 4250; x_wconf 83' lang='lat' dir='ltr'><em>quod</em></span> <span class='ocrx_word' id='word_1_427' title='bbox 1010 4195 1071 4250; x_wconf 71' lang='lat' dir='ltr'><em>ego,</em></span> <span class='ocrx_word' id='word_1_428' title='bbox 1086 4189 1113 4233; x_wconf 89' lang='lat' dir='ltr'><em>et</em></span> <span class='ocrx_word' id='word_1_429' title='bbox 1130 4178 1211 4232; x_wconf 76' lang='lat' dir='ltr'><em>oliuae</em></span> <span class='ocrx_word' id='word_1_430' title='bbox 1230 4179 1289 4231; x_wconf 86' lang='lat' dir='ltr'><em>lma</em></span> <span class='ocrx_word' id='word_1_431' title='bbox 1305 4176 1374 4237; x_wconf 79' lang='lat' dir='ltr'><em>ittet,</em></span> 
     </span>
     <span class='ocr_line' id='line_1_47' title="bbox 135 4248 1375 4320; baseline 0.001 -18"><span class='ocrx_word' id='word_1_432' title='bbox 135 4254 140 4277; x_wconf 93' lang='lat'>&#39;</span> <span class='ocrx_word' id='word_1_433' title='bbox 215 4249 289 4320; x_wconf 76' lang='lat' dir='ltr'><em>quad</em></span> <span class='ocrx_word' id='word_1_434' title='bbox 306 4256 368 4320; x_wconf 73' lang='lat' dir='ltr'><em>eqo,</em></span> <span class='ocrx_word' id='word_1_435' title='bbox 376 4250 526 4320; x_wconf 75' lang='lat' dir='ltr'><em>religiosius</em></span> <span class='ocrx_word' id='word_1_436' title='bbox 542 4265 585 4303; x_wconf 89' lang='lat' dir='ltr'><em>me</em></span> <span class='ocrx_word' id='word_1_437' title='bbox 603 4251 713 4306; x_wconf 78' lang='lat' dir='ltr'><em>arbitror</em></span> <span class='ocrx_word' id='word_1_438' title='bbox 732 4251 835 4305; x_wconf 84' lang='lat' dir='ltr'><em>dicere:</em></span> <span class='ocrx_word' id='word_1_439' title='bbox 846 4248 898 4303; x_wconf 82' lang='lat' dir='ltr'><em>Gur</em></span> <span class='ocrx_word' id='word_1_440' title='bbox 909 4265 963 4302; x_wconf 85' lang='lat' dir='ltr'><em>uon</em></span> <span class='ocrx_word' id='word_1_441' title='bbox 979 4252 1118 4319; x_wconf 80' lang='lat' dir='ltr'><em>utrumque</em></span> <span class='ocrx_word' id='word_1_442' title='bbox 1133 4249 1233 4317; x_wconf 79' lang='lat' dir='ltr'><em>potius,</em></span> <span class='ocrx_word' id='word_1_443' title='bbox 1243 4251 1375 4303; x_wconf 64' lang='lat' dir='ltr'><em>sistrum·</em></span> 
     </span>
     <span class='ocr_line' id='line_1_48' title="bbox 137 4316 1376 4391; baseline -0.003 -20"><span class='ocrx_word' id='word_1_444' title='bbox 137 4342 140 4347; x_wconf 95' lang='lat'>·</span> <span class='ocrx_word' id='word_1_445' title='bbox 237 4334 271 4372; x_wconf 86' lang='lat' dir='ltr'><em>ue</em></span> <span class='ocrx_word' id='word_1_446' title='bbox 296 4335 394 4373; x_wconf 84' lang='lat' dir='ltr'><em>verum·</em></span> <span class='ocrx_word' id='word_1_447' title='bbox 412 4329 461 4386; x_wconf 85' lang='lat' dir='ltr'><em>est,</em></span> <span class='ocrx_word' id='word_1_448' title='bbox 480 4328 508 4375; x_wconf 82' lang='lat' dir='ltr'><em>et</em></span> <span class='ocrx_word' id='word_1_449' title='bbox 523 4322 547 4374; x_wconf 88' lang='lat' dir='ltr'><em>si</em></span> <span class='ocrx_word' id='word_1_450' title='bbox 564 4320 626 4391; x_wconf 89' lang='lat' dir='ltr'><em>quid</em></span> <span class='ocrx_word' id='word_1_451' title='bbox 643 4322 755 4386; x_wconf 82' lang='lat' dir='ltr'><em>tertium,</em></span> <span class='ocrx_word' id='word_1_452' title='bbox 779 4327 806 4373; x_wconf 86' lang='lat' dir='ltr'><em>st</em></span> <span class='ocrx_word' id='word_1_453' title='bbox 822 4321 846 4372; x_wconf 87' lang='lat' dir='ltr'><em>ei</em></span> <span class='ocrx_word' id='word_1_454' title='bbox 863 4319 925 4389; x_wconf 90' lang='lat' dir='ltr'><em>quid</em></span> <span class='ocrx_word' id='word_1_455' title='bbox 952 4327 1079 4389; x_wconf 68' lang='lat' dir='ltr'><em>questum,</em></span> <span class='ocrx_word' id='word_1_456' title='bbox 1099 4326 1125 4374; x_wconf 84' lang='lat' dir='ltr'><em>et</em></span> <span class='ocrx_word' id='word_1_457' title='bbox 1140 4318 1164 4389; x_wconf 73' lang='lat' dir='ltr'><em>si</em></span> <span class='ocrx_word' id='word_1_458' title='bbox 1181 4317 1246 4389; x_wconf 85' lang='lat' dir='ltr'><em>quid</em></span> <span class='ocrx_word' id='word_1_459' title='bbox 1274 4316 1376 4369; x_wconf 73' lang='lat' dir='ltr'><em>omnim</em></span> 
     </span>
     <span class='ocr_line' id='line_1_49' title="bbox 218 4336 1377 4459; baseline -0.004 -19"><span class='ocrx_word' id='word_1_460' title='bbox 218 4336 289 4440; x_wconf 52' lang='lat' dir='ltr'><em>ffiiud</em></span> <span class='ocrx_word' id='word_1_461' title='bbox 316 4404 408 4442; x_wconf 85' lang='lat' dir='ltr'><em>verum</em></span> <span class='ocrx_word' id='word_1_462' title='bbox 432 4391 559 4459; x_wconf 80' lang='lat' dir='ltr'><em>quispiam</em></span> <span class='ocrx_word' id='word_1_463' title='bbox 582 4390 610 4442; x_wconf 87' lang='lat' dir='ltr'><em>in</em></span> <span class='ocrx_word' id='word_1_464' title='bbox 626 4388 667 4445; x_wconf 86' lang='lat' dir='ltr'><em>his</em></span> <span class='ocrx_word' id='word_1_465' title='bbox 693 4389 781 4443; x_wconf 85' lang='lat' dir='ltr'><em>verbis</em></span> <span class='ocrx_word' id='word_1_466' title='bbox 799 4389 880 4453; x_wconf 86' lang='lat' dir='ltr'><em>videt,</em></span> <span class='ocrx_word' id='word_1_467' title='bbox 899 4404 946 4441; x_wconf 85' lang='lat' dir='ltr'><em>cur</em></span> <span class='ocrx_word' id='word_1_468' title='bbox 962 4403 1016 4441; x_wconf 85' lang='lat' dir='ltr'><em>nou</em></span> <span class='ocrx_word' id='word_1_469' title='bbox 1032 4387 1078 4441; x_wconf 82' lang='lat' dir='ltr'><em>itta</em></span> <span class='ocrx_word' id='word_1_470' title='bbox 1096 4386 1183 4441; x_wconf 78' lang='lat' dir='ltr'><em>omniu</em></span> <span class='ocrx_word' id='word_1_471' title='bbox 1199 4386 1301 4441; x_wconf 82' lang='lat' dir='ltr'><em>vidisse</em></span> <span class='ocrx_word' id='word_1_472' title='bbox 1319 4398 1377 4436; x_wconf 85' lang='lat' dir='ltr'><em>cre·</em></span> 
     </span>
    </p>
   </div>
   <div class='ocr_carea' id='block_1_5' title="bbox 216 4454 1377 4599">
    <p class='ocr_par' dir='ltr' id='par_1_7' title="bbox 216 4454 1377 4599">
     <span class='ocr_line' id='line_1_50' title="bbox 220 4454 1377 4528; baseline 0.001 -19"><span class='ocrx_word' id='word_1_473' title='bbox 220 4456 305 4522; x_wconf 81' lang='lat' dir='ltr'><em>detur,</em></span> <span class='ocrx_word' id='word_1_474' title='bbox 322 4473 467 4528; x_wconf 84' lang='lat' dir='ltr'><em>perquem</em></span> <span class='ocrx_word' id='word_1_475' title='bbox 484 4475 553 4512; x_wconf 85' lang='lat' dir='ltr'><em>unus</em></span> <span class='ocrx_word' id='word_1_476' title='bbox 568 4458 641 4517; x_wconf 81' lang='lat' dir='ltr'><em>Deus</em></span> <span class='ocrx_word' id='word_1_477' title='bbox 660 4473 748 4513; x_wconf 75' lang='lat' dir='ltr'><em>merus</em></span> <span class='ocrx_word' id='word_1_478' title='bbox 766 4458 855 4513; x_wconf 82' lang='lat' dir='ltr'><em>literas</em></span> <span class='ocrx_word' id='word_1_479' title='bbox 878 4472 943 4514; x_wconf 80' lang='lat' dir='ltr'><em>veru</em></span> <span class='ocrx_word' id='word_1_480' title='bbox 961 4466 988 4516; x_wconf 84' lang='lat' dir='ltr'><em>et</em></span> <span class='ocrx_word' id='word_1_481' title='bbox 1004 4456 1108 4512; x_wconf 79' lang='lat' dir='ltr'><em>diverse</em></span> <span class='ocrx_word' id='word_1_482' title='bbox 1129 4457 1224 4527; x_wconf 56' lang='lat' dir='ltr'><em>mutis</em></span> <span class='ocrx_word' id='word_1_483' title='bbox 1242 4454 1377 4510; x_wconf 80' lang='lat' dir='ltr'><em>multorum</em></span> 
     </span>
     <span class='ocr_line' id='line_1_51' title="bbox 216 4525 1309 4599; baseline -0.016 -17"><span class='ocrx_word' id='word_1_484' title='bbox 216 4525 337 4580; x_wconf 77' lang='lat' dir='ltr'><em>sensibus</em></span> <span class='ocrx_word' id='word_1_485' title='bbox 354 4527 551 4599; x_wconf 63' lang='lat' dir='ltr'><em>temperavit&#39;iss</em></span> <span class='ocrx_word' id='word_1_486' title='bbox 857 4560 861 4567; x_wconf 88' lang='lat'>.</span> <span class='ocrx_word' id='word_1_487' title='bbox 900 4552 904 4559; x_wconf 93' lang='lat'>-</span> <span class='ocrx_word' id='word_1_488' title='bbox 952 4558 987 4567; x_wconf 94' lang='lat'><em>..</em></span> <span class='ocrx_word' id='word_1_489' title='bbox 1045 4532 1121 4569; x_wconf 84' lang='lat'><em>¹.÷.</em></span> <span class='ocrx_word' id='word_1_490' title='bbox 1298 4530 1309 4565; x_wconf 91' lang='lat'><em>·:</em></span> 
     </span>
    </p>
   </div>
   <div class='ocr_carea' id='block_1_6' title="bbox 0 0 1422 4896">
    <p class='ocr_par' dir='ltr' id='par_1_8' title="bbox 0 0 1422 4896">
     <span class='ocr_line' id='line_1_52' title="bbox 0 0 1422 4896; baseline 0 0"><span class='ocrx_word' id='word_1_491' title='bbox 0 0 1422 4896; x_wconf 95' lang='lat' dir='ltr'><em> </em></span> 
     </span>
    </p>
   </div>
  </div>
 </body>
</html>
