2834 4896
1230 190 1287 244 xm

55 403 148 458 anno
188 377 408 458 scholastico
440 380 616 482 ‚proxime
660 377 786 478 elapso
816 373 1082 478 praelectiones
1114 396 1218 450 meae
1249 375 1286 449 in

54 500 213 602 pluribus
244 499 405 601 partibus
444 522 516 577 non
558 495 835 575 consentiebant
866 518 947 570 cum
980 495 1084 571 dictis
1116 495 1151 569 in
1183 491 1287 592 libro,

54 621 177 721 quiin
209 617 373 696 manibus
405 616 608 695 auditorum
639 639 803 692 meorum
837 611 1063 713 versabatur,
1096 610 1193 714 quod
1227 612 1288 688 in·-

53 737 280 816 commcdum
320 761 417 814 nova
460 734 620 814 editione
660 734 832 811 adornata
875 734 1059 833 aptissime
1105 730 1287 808 removeri

52 880 161 958 posse
192 855 396 932 videbatur.
458 851 540 932 Non
571 857 692 956 itaque
723 851 889 931 omnibus
921 848 1185 952 exemplaribus
1213 850 1289 952 jam

53 973 248 1053 divenditis
279 977 470 1075 excitatus,
500 998 575 1050 non
606 972 824 1075 bibliopolae
856 969 1027 1074 precibus
1057 976 1190 1069 m‘otus,
1210 991 1290 1045 non

51 1095 140 1173 lucri
163 1094 213 1195 (l)
246 1093 415 1196 cupidine
445 1095 633 1192 animatus,
655 1091 722 1170 sed
744 1090 824 1169 solo
852 1089 1157 1168 hermeneuticnm
1178 1086 1289 1166 bibli-

52 1238 133 1292 cam
174 1211 386 1315 perficiendi
427 1210 548 1289 studio
580 1211 711 1290 ductus
750 1210 908 1288 libellum
939 1209 1035 1286 bunc
1065 1208 1178 1286 altera
1210 1210 1292 1284 vice

53 1331 190 1435 publici
218 1333 312 1433 juris
334 1331 417 1431 ieci,
439 1330 558 1433 idque·
574 1355 620 1408 eo
641 1329 822 1408 lubentius
852 1332 1114 1432 promtiusque,
1136 1351 1179 1404 ac
1200 1325 1294 1404 bunc

51 1450 292 1552 disciplinam,
324 1472 533 1553 exegeseos
564 1449 677 1527 basim
700 1460 738 1527 et
758 1448 1001 1526 conditionem
1033 1449 1294 1545 necessariam,

52 1572 190 1649 nostris
222 1571 419 1672 praecipue
449 1568 673 1671 temporibus
711 1591 943 1672 summopere
973 1566 1164 1646 colendam
1195 1588 1296 1666 esse,

56 1688 299 1767 firmissimam
339 1699 448 1769 teneo
494 1690 782 1791 persuasionem.
843 1685 926 1766 Non
972 1685 1120 1788 deesse,
1167 1686 1298 1788 quiin

55 1807 180 1886 studio
201 1805 335 1885 biblico
356 1808 582 1911 paucissimis
603 1810 847 1911 extremisque
867 1805 1161 1884 hermeneuticae
1178 1805 1300 1881 linea·

52 1928 189 2005 mentis
219 1928 408 2029 expositis,
430 1937 492 2004 aut
512 1926 593 2004 data
614 1930 811 2005 occasione
842 1927 1008 2029 allegatis
1031 1913 1302 2026 'theologorum'

53 2044 266 2148 indigentiis
306 2045 488 2146 satisfieri,
519 2056 557 2123 et
587 2070 731 2124 omnem
769 2069 917 2149 operam
956 2048 992 2121 in
1032 2046 1297 2147 expositionem

51 2188 104 2244 ss
136 2162 310 2243 librorum
339 2163 617 2268 impendendam
661 2177 849 2268 censeant,
880 2189 939 2243 me
971 2164 1118 2268 quidem
1147 2183 1295 2265 nequa-

53 2306 163 2387 quam
193 2282 303 2383 latet,
332 2308 461 2363 verum
503 2284 682 2389 ejusmodi
713 2285 853 2389 placitis
885 2287 1064 2363 assentire
1095 2306 1168 2360 non
1199 2303 1296 2384 pos-

55 2425 152 2503 sum,
192 2424 316 2506 neque
356 2401 426 2481 bac
467 2406 502 2482 in
533 2428 575 2482 re
606 2403 701 2482 adeo
740 2407 845 2508 gravi
877 2414 915 2481 et
944 2428 1049 2481 sacra
1081 2400 1208 2479 dicere
1241 2399 1297 2477 las

54 2545 143 2601 esse
174 2520 309 2601 credo:
339 2520 397 2601 De
424 2521 595 2626 gustibus
615 2546 688 2602 non
710 2535 767 2602 est
793 2522 1057 2627 disputandum.
1098 2519 1295 2620 Ponamus,

55 2642 276 2743 contingere
305 2644 497 2746 magistro,
518 2654 558 2721 ut
577 2667 645 2747 per
673 2645 782 2722 unius
813 2643 1010 2723 alteriusve
1040 2642 1122 2720 anni
1155 2640 1306 2718 decurw

56 2783 140 2839 sum
168 2758 395 2840 auditoribus
425 2764 503 2841 suis
535 2762 658 2864 plures
689 2788 719 2841 s.
752 2762 964 2865 Scripturas
1002 2764 1169 2866 paginas,
1202 2781 1302 2836 non-

59 2877 180 2957 ntdlos
220 2877 335 2957 libros
375 2892 552 2984 exponat:
594 2883 710 2987 maj0r
746 2893 848 2961 certe
884 2907 970 2985 pars
1002 2883 1149 2984 proprio
1180 2878 1302 2958 studio

64 2997 134 3075 crit
173 2998 462 3103 relinquendum.
532 2999 683 3099 Quantis
724 3014 845 3080 autern
885 3001 1173 3105 impedimentis,
1214 3005 1304 3099 quot

62 3112 236 3219 periculis
266 3119 446 3221 ejusmodi
486 3119 643 3199 studium
682 3144 808 3199 norma
849 3120 1041 3199 directrice
1072 3141 1204 3196 carens
1236 3117 1305 3193 erit

62 3233 280 3314 obnoxium!
309 3237 437 3318 Simile
467 3241 527 3341 sit,
558 3262 717 3318 necesse
749 3251 820 3349 est,
848 3243 932 3318 navi
962 3242 1082 3318 ventis
1114 3237 1305 3340 expositae

62 3356 142 3433 sinc
171 3351 277 3433 firmo
307 3356 572 3461 gubemacnlo,
599 3369 661 3436 aut
692 3358 857 3438 aedilicio
889 3359 1028 3462 absque
1059 3356 1177 3436 solido
1210 3355 1301 3433 lun-

63 3472 245 3552 dameuto.
287 3472 420 3554 Nonne
450 3475 647 3582 theologus
677 3481 861 3582 principiis
875 3492 878 3497 ’
891 3477 1173 3556 hermeneuticis
1205 3475 1312 3553 levi-²

65 3601 122 3669 ter
152 3601 291 3672 tantum
330 3595 487 3674 imbutus
529 3598 807 3676 multiformibus
838 3598 1081 3701 neologorum
1112 3595 1160 3675 de
1191 3614 1310 3674 sensu·

64 3732 95 3788 s.
116 3707 330 3814 Scripturas
360 3713 538 3793 catholico
570 3717 856 3796 cavillationibus
882 3716 1038 3796 subinde
1059 3720 1095 3794 in
1117 3717 1307 3820 angustias

65 3826 266 3933 redactum,
288 3843 350 3911 aut
376 3837 558 3937 speciosis
590 3839 775 3915 irrisorum
805 3836 1086 3941 sophismatibus
1117 3837 1307 3914 attonitum

70 3959 189 4026 semet
217 3950 382 4029 sentiet?
412 3950 506 4031 Num
539 3955 667 4033 saltem
698 3959 734 4032 in
765 3952 874 4066 tanta*v
895 3960 1154 4035 sententiarum
1186 3954 1308 4029 farra·

66 4067 168 4166 gine,
213 4068 311 4183 quod
351 4068 612 4174 Apostolorum
653 4077 824 4181 princeps
863 4077 1021 4180 postulat
1056 4073 1102 4175 (b
1133 4071 1231 4151 Pctr.
1265 4067 1307 4171 3,

69 4181 170 4284 15.)‚
193 4188 323 4265 rationi
353 4189 563 4270 reddendae
585 4190 632 4271 de
663 4218 731 4297 spe
762 4219 829 4275 sua
861 4219 926 4298 par
947 4198 1015 4271 erit
1045 4193 1141 4270 omni
1172 4200 1308 4294 postu·

66 4300 182 4380 lauti?
225 4302 286 4382 An
327 4331 511 4386 sacrarum
553 4309 820 4414 disciplinarum
861 4314 1012 4391 alumnis
1053 4314 1088 4388 in
1120 4306 1307 4413 theologia

67 4416 446 4527 dogmatica,.1norali
477 4439 515 4506 et
544 4431 716 4534 pastorali
750 4431 865 4534 labor,
896 4432 1127 4516 difficultates
1159 4463 1308 4545 exege-
