2834 4896
81 188 125 253 36

82 369 146 423 tani
178 357 403 437 interpretibus
434 358 603 421 catholicis
635 375 708 419 aare
743 356 859 419 talibas
866 377 879 430 ,·
911 355 1185 437 fflpromnlpatns
1207 358 1267 430 aa)
1288 353 1320 415 in

81 445 220 508 concilio
245 443 396 504 Traltono
409 443 623 518 (Quinisexto)
646 461 731 504 anno
755 442 832 520 692,
856 445 890 504 in
912 461 973 522 qao
996 461 1065 503 can.
1092 441 1141 502 19.
1165 443 1321 519 definitam

83 540 152 594 est:
176 527 241 608 ,Ne
272 548 341 591 eom
364 535 405 603 (s.
429 529 631 609 Scripturan)
660 531 753 590 aliter
774 531 1026 609 interpretentur,
1049 545 1142 607 qaam
1169 527 1322 609 quomodo

82 617 235 679 ecclesiae
270 614 440 676 luminaria
468 624 499 676 et
527 615 673 677 doetores
705 616 774 676 sais
805 616 936 694 scriptis
967 633 1036 675 eam
1068 613 1321 692 eapomerant;“

80 703 141 782 ββ]
164 705 197 763 in
218 702 352 762 concilio
375 700 582 763 Lateranemi
599 699 631 761 V.
654 717 734 761 anno
752 698 855 776 1512,
878 718 900 761 a
921 718 982 780 qno
1005 701 1127 760 actione
1151 701 1201 760 Η.
1221 717 1321 779 prae·

81 790 217 868 cipitar:
251 785 311 864 ,llt
332 805 358 847 s.
380 786 577 866 Scriptarom
602 787 699 863 jacta
731 787 1019 865 interpretationem
1048 785 1221 863 doctorum,
1246 801 1325 865 qnos

82 874 219 936 ecclesio
249 873 301 933 ael
329 891 408 934 osas
435 874 603 934 diuturnas
635 870 840 951 approbavit,
871 872 1057 951 caplancnt“
1080 870 1140 947 *);
1163 872 1199 932 id
1221 873 1324 951 psam

82 965 134 1038 pp)
157 959 315 1020 indicator
343 957 449 1020 corbis
478 968 588 1020 nostro
618 957 744 1018 decreto
779 958 933 1036 adjectis:
956 956 1036 1036 „Oai
1058 958 1324 1031 contravenerint,

78 1044 338 1126 perordinarios
361 1045 615 1119 declarentur,et
632 1044 746 1122 poenis
762 1061 783 1104 a
797 1045 874 1122 jare
897 1045 1024 1104 stabatis
1044 1044 1240 1122 paniantnfl
1252 1043 1323 1116 **).

169 1130 199 1191 2.
222 1129 334 1192 Patres
357 1127 502 1206 Consilii,
525 1131 599 1192 dam
621 1131 653 1190 in
675 1128 769 1190 rebns
789 1130 863 1207 fidei
886 1139 916 1191 et
937 1147 1057 1189 moram
1079 1131 1325 1190 christianorum

82 1235 209 1279 sensam
231 1216 383 1278 ecclesiae
406 1226 436 1278 et
457 1218 633 1277 unanimem
654 1214 783 1276 Petram
805 1233 992 1276 consensum
1026 1216 1190 1294 interpreti
1211 1215 1325 1276 catbo-

84 1303 144 1364 lico
178 1302 409 1380 respiciendam
442 1319 512 1363 esse
548 1301 648 1362 claris
681 1300 847 1363 ediderant
879 1301 995 1376 verbis,
1030 1309 1149 1363 tantam
1171 1302 1271 1369 abest,
1293 1306 1328 1360 at

82 1387 209 1450 sobrias
232 1388 480 1449 bernrenenticae
503 1385 839 1466 reparamentum,
862 1396 917 1449 ont
938 1389 1142 1465 scientificum
1164 1407 1190 1447 s.
1212 1386 1326 1464 Scrip-

84 1484 172 1537 taroe
195 1475 485 1551 interpretationem
506 1473 712 1550 rejiciendam
734 1473 950 1548 declararent3
972 1483 1007 1534 at
1026 1475 1135 1551 potins
1158 1472 1244 1548 illas,
1268 1471 1328 1532 etsi

84 1578 148 1622 non
170 1560 309 1637 sapremi
324 1559 447 1636 judicis
469 1561 572 1620 instar
594 1562 718 1619 omnino
742 1557 947 1636 adhibendas,
969 1568 998 1620 ct
1020 1559 1101 1620 banc
1118 1560 1192 1636 jare
1215 1559 1326 1618 colen-

85 1646 159 1707 dam
188 1653 400 1723 supponerent
407 1665 420 1716 ;
451 1663 520 1707 nam
542 1648 581 1718 a)
605 1642 767 1705 concilium
800 1644 934 1724 loquitur
955 1643 994 1704 de
1029 1643 1327 1724 interpretationes.

85 1730 260 1808 Scripturae
292 1728 470 1807 doctrinali,
505 1747 584 1810 quae
616 1730 732 1808 absque
766 1730 1014 1791 hermeneutioae
1045 1729 1162 1812 regulis
1186 1728 1327 1790 adhibitis

84 1816 186 1880 locum
218 1815 332 1878 habere
366 1817 488 1896 nequit3
523 1816 561 1891 b)
584 1815 717 1877 eeclesia
740 1834 894 1896 nunquam
917 1832 978 1877 non
1009 1816 1242 1892 crrmnendavit,
1267 1815 1327 1875 irno

86 1909 119 1965 et
140 1903 292 1983 promovit
313 1901 485 1964 modestum
508 1920 550 1964 ss.
581 1900 735 1964 literarum
765 1901 907 1979 studium,
932 1909 963 1964 et
985 1901 1055 1963 ideo
1079 1903 1184 1963 merita
1207 1901 1246 1962 ill·
1261 1918 1327 1961 run

86 1989 184 2070 probe
208 1988 335 2069 agnovit
357 1987 560 2068 laudavitque,
574 1988 625 2066 qui
648 1987 816 2066 plurinum,
840 1990 883 2049 uti
906 2005 930 2049 s.
942 1987 1154 2068 Hieronymus,
1173 1989 1203 2049 in
1226 1987 1328 2049 sudio

86 2073 199 2138 biblico
223 2075 414 2136 insudarunt.

173 2157 325 2221 Novimus
346 2162 452 2241 itaque
474 2159 629 2239 dapliccm
655 2159 773 2239 fontem
805 2159 932 2241 (duplex
954 2161 1132 2241 principium
1156 2160 1328 2233 materiale)

88 2245 269 2325 rcpnlaram
292 2247 538 2307 trarnaneartcoa
559 2247 905 2324 catbolicoe,nimiram
920 2265 1079 2308 commane
1102 2245 1330 2325 interpretandi

85 2333 279 2412 principiam
306 2340 336 2393 ct
364 2351 490 2394 sensam
523 2333 698 2406 ecclcsiae,·
731 2342 782 2394 ost
812 2351 892 2413 opas
928 2351 1048 2412 quoqne
1083 2331 1231 2393 babemns
1265 2350 1329 2393 ano

89 2435 185 2498 copae
217 2417 349 2496 formali
375 2419 554 2498 principio,
577 2437 599 2479 o
621 2436 680 2498 pao
713 2422 875 2498 atriasqne
906 2421 993 2480 illias
1024 2419 1200 2480 nraterialis
1222 2427 1330 2498 rectas

90 2503 240 2582 dependet
260 2523 339 2565 asos
372 2513 536 2583 mntnaqne
558 2505 691 2580 relatio,
722 2505 822 2584 qaod,
852 2506 883 2565 si
909 2523 1068 2566 commane
1102 2504 1330 2583 interpretandi

87 2591 278 2669 principiam
299 2591 343 2650 od
360 2591 554 2668 peculiarem
576 2608 601 2650 s.
624 2587 806 2668 Scriprarae
827 2591 963 2652 indolem
980 2591 1077 2668 jacto
1097 2587 1232 2651 Consilii
1254 2590 1329 2650 Tri-

25 2668 36 2695 '
94 2675 215 2738 dentini
237 2675 393 2738 decretam
415 2677 600 2755 applicetur,
623 2685 671 2737 est
690 2694 844 2755 sequens:
1258 2702 1267 2711 ·

241 2759 375 2831 Sacram
397 2759 593 2840 Scriptnram
616 2779 673 2839 ope
696 2762 876 2842 repuleram
909 2764 1081 2824 commanis
1103 2763 1332 2841 interpretandi

294 2848 447 2927 principii
484 2847 582 2924 jacta
616 2865 742 2908 sensam
776 2852 942 2922 (mentem)
975 2849 1128 2910 ecclesiae
1168 2847 1331 2909 Romano-

298 2933 471 2994 cotlrolicae
494 2935 709 3012 interpretare.

177 3016 238 3080 NB.
260 3015 483 3098 Interpretatio‚
498 3035 578 3097 quae
601 3034 674 3078 nox
696 3019 882 3100 propositam
904 3036 1076 3100 supremam
1099 3021 1238 3099 sequitur
1252 3036 1331 3081 nor-

92 3122 181 3179 man,
199 3121 278 3183 quae
301 3104 429 3184 proinde
452 3103 618 3166 conformis
641 3110 690 3165 est
712 3109 751 3180 a)
775 3105 930 3184 principiis
954 3105 1111 3166 catholicis
1129 3104 1167 3165 de
1186 3123 1210 3166 s.
1224 3105 1331 3185 Scrip-

91 3196 169 3266 tura,
194 3190 229 3263 b)
253 3194 416 3251 cont'nuae
439 3190 592 3251 ecclesiae
615 3189 710 3269 praxi,
734 3209 792 3251 nec
815 3208 877 3252 non
899 3196 935 3266 c)
959 3190 1085 3252 decreto
1110 3189 1237 3252 Consilii
1259 3192 1331 3251 Tri-

92 3276 218 3349 dentini,
250 3275 363 3338 dicitur
393 3275 570 3350 catbolica3
604 3293 687 3336 more
719 3278 886 3339 rationalis
918 3295 994 3339 cero
1016 3296 1072 3338 sea
1095 3279 1333 3339 rationalistico

91 3367 231 3438 vocatur,
256 3361 343 3441 eujus
366 3378 429 3424 non
451 3367 566 3423 tantum
588 3358 658 3422 fons
682 3361 868 3444 singularum
891 3362 1075 3445 regularum,
1106 3363 1161 3424 sed
1185 3369 1215 3423 et
1233 3362 1332 3442 judex

91 3464 235 3527 suprema
259 3454 309 3509 est
331 3447 397 3509 sola
419 3448 498 3509 ratio
521 3446 660 3508 humana.

654 3661 685 3730 S.
707 3655 759 3720 20.

90 3786 158 3840 vul.-
171 3787 212 3859 De
229 3787 335 3853 influxu,
354 3803 431 3858 quern
450 3791 544 3840 exserit
562 3788 675 3842 ecelesia
703 3789 830 3842 catholica
848 3792 873 3842 in
891 3792 1127 3858 interpretationem
1145 3809 1167 3842 e.
1185 3791 1333 3858 Scripturas

156 3870 159 3874 ·
402 3857 578 3910 doctrinalem.
598 3857 717 3911 Canonea
736 3861 841 3926 positivi
854 3868 881 3911 et
898 3863 1020 3929 negativi.

176 4001 222 4075 A)
244 3998 393 4063 Ecclesia
414 4001 571 4064 catholica
593 4003 628 4064 in
649 4005 937 4081 interpretationem
959 4023 984 4065 s.
1006 4004 1188 4084 Scriptarae
1210 4005 1333 4066 doetri-

89 4085 197 4149 nalem
218 4086 338 4167 dnplici
359 4087 451 4150 modo
474 4086 584 4168 inlinit,
607 4089 754 4150 nimirem
776 4092 918 4169 nepotioe
942 4099 972 4151 et
989 4092 1133 4171 positive.

114 4365 144 4431 4*)
163 4365 282 4432 synodus
305 4367 429 4420 Toletano
452 4368 553 4419 decima
576 4369 663 4434 quinta
691 4371 739 4419 uiti
766 4368 911 4437 „Quidquid
940 4369 1051 4421 creditur
1069 4378 1156 4420 eontra
1182 4387 1216 4420 ss.
1236 4368 1334 4433 Patres,

161 4435 311 4504 intelligitur
329 4437 451 4489 aberrare
470 4452 485 4487 a
502 4444 574 4487 recta
591 4435 683 4504 regula
702 4436 786 4487 iidei.“

94 4501 139 4566 ⁰⁴)
157 4502 208 4555 Cir.
228 4504 361 4557 decretum
381 4506 475 4557 laconis
494 4505 525 4556 X.
545 4507 570 4554 in
590 4501 709 4555 Concilio
728 4504 893 4557 lnteranensi
912 4508 940 4557 V.
961 4509 1078 4558 sessione
1097 4507 1126 4559 X.
