2834 4896
1255 196 1331 261 “m

78 374 192 452 tpsum·
220 384 371 446 suamque
404 365 517 449 agendi
548 365 699 429 rationem
731 382 909 449 proponens
943 366 1053 446 docet,
1087 384 1123 431 se
1146 368 1332 433 abstinuisse

86 461 176 522 inter
191 455 323 536 gentiles
347 455 387 518 ab
410 472 466 517 usu
487 454 565 535 juris
588 454 701 516 victum
725 456 762 516 ab
786 455 831 516 eis
854 453 988 536 petendi,
1005 456 1084 517 inter
1095 454 1232 519 ludaeos
1253 475 1330 519 varo

86 564 125 609 ea
149 543 311 619 omisisse,
343 560 422 623 quae
444 541 541 602 hosce
576 540 795 618 offendissent,
825 543 883 602 etsi
915 560 951 603 ee
975 541 1080 603 lucere
1103 541 1249 604 licuisset.
1294 544 1332 605 Vi

86 635 254 695 contextus
277 646 354 710 ergo
373 627 536 690 demorati
558 629 840 691 accommodatione
862 628 1109 708 verbaApostcli
1132 629 1331 711 intelligenda

87 723 183 794 sunt,
218 715 311 797 idque
335 734 373 777 eo
409 717 525 796 magis,
562 732 630 775 cum
661 733 733 777 mox
766 715 874 793 addat,
905 733 940 777 se
964 715 1042 778 haec
1076 714 1330 781 incommoda-eo

88 804 223 869 consilio
246 802 442 878 sustinuisse,
459 808 493 863 ut
515 819 621 864 omnes
645 802 857 877 lucrifacerem
873 819 909 863 se
933 802 1072 863 omnibus
1097 803 1196 864 omniu
1220 802 1331 866 luctum

86 908 171 961 esse,
195 895 229 950 ut
251 905 358 951 omnes
381 888 483 951 salvos
507 887 634 951 iaceret
679 888 747 961 Ono
769 896 859 970 pacto
882 907 958 952 vero
981 888 1086 950 dicere
1108 890 1271 969 potuisset,
1295 908 1330 953 sa

88 977 213 1040 Christo
235 975 370 1037 ludaeos
393 981 425 1039 et
446 975 585 1037 ethnicos
607 974 801 1039 lucrifecissa
824 983 855 1038 et
877 975 967 1038 saluti
990 994 1095 1037 eorum
1117 978 1328 1057 prospexisse,

86 1068 112 1126 si
131 1061 417 1125 accommodatione
436 1064 567 1142 positive
585 1061 758 1144 dogmatica
772 1062 892 1129 illorum
908 1080 1032 1125 errores
1050 1063 1277 1144 approbasset?
1288 1098 1330 1111 —

86 1149 207 1213 Eodem
230 1148 322 1211 modo

177 1235 229 1297 Ad
251 1234 281 1296 3.
312 1235 455 1314 cntempla
489 1237 792 1299 accommodationis
822 1238 958 1315 positive
991 1236 1185 1315 dopmuticoa
1217 1237 1253 1297 a'n
1284 1255 1328 1300 at.

87 1323 125 1387 N.
150 1322 185 1385 Τ.
209 1321 302 1387 tetris
323 1322 436 1384 metros
456 1324 667 1385 inueniuntur.
710 1323 789 1385 Dum
811 1324 892 1386 euim

174 1413 214 1483 c)
237 1407 375 1469 Christus
397 1408 449 1471 tlt.
472 1407 503 1484 9,
525 1408 556 1471 2.
579 1409 748 1491 paralytico
771 1408 863 1471 dicit:
899 1408 1059 1488 „Remissa
1082 1415 1153 1471 sunt
1174 1408 1228 1469 tibi
1250 1426 1328 1490 pec-

87 1502 154 1560 ecta
179 1496 269 1571 tua‚“
303 1494 400 1557 falsae
422 1495 610 1557 ludaeorum
644 1497 780 1575 opinioni
806 1514 868 1559 non
902 1496 1083 1558 necessasia
1106 1513 1177 1557 sese
1201 1513 1328 1557 accom-

89 1582 224 1645 modavit
246 1599 283 1643 cc
305 1580 428 1659 docuit,
461 1581 590 1663 quodvis
621 1583 730 1683 malupr
753 1582 911 1663 physicum
934 1600 1006 1645 esse
1028 1583 1185 1662 sequelam
1212 1581 1330 1661 pcccati

89 1667 249 1748 cujusdam
282 1668 472 1748 personalis:
503 1668 559 1731 sed
582 1669 672 1731 etiam
695 1689 725 1730 ιιι
753 1669 876 1731 homine
899 1668 950 1729 illo
973 1670 1111 1731 morbum
1133 1675 1330 1749 peecatorum

87 1773 197 1818 revera
221 1752 319 1817 fuisse
346 1755 515 1834 sequelam,
543 1756 674 1817 innuere
698 1756 803 1834 potuit.
847 1755 984 1817 Alterum
1008 1773 1093 1831 vero,
1117 1773 1179 1817 non
1202 1756 1330 1835 primum

88 1842 215 1905 adicere
237 1841 375 1903 voluisse
391 1841 541 1903 Christum
565 1841 637 1903 inde
659 1843 815 1922 probatur,
841 1842 924 1921 quod
946 1842 1036 1903 unicd
1060 1842 1157 1903 solum
1181 1842 1249 1902 vice
1273 1840 1331 1902 alid

87 1929 197 1991 similia
228 1927 322 1989 verba
357 1927 497 2004 adhibet,
528 1929 637 1990 Joann.
660 1929 690 2005 5,
717 1929 777 2004 14.,
800 1929 874 1991 elias
898 1935 1009 2003 autem,
1032 1929 1084 1990 ubi
1107 1935 1255 2010 aegrotos
1279 1928 1331 1989 in-

86 2030 234 2079 numeros
258 2020 355 2091 sanat,
379 2016 436 2077 hac
459 2022 511 2076 aul
533 2014 622 2076 simili
646 2033 707 2076 non
729 2017 822 2078 utitur
845 2015 983 2087 iormulu,
1000 2015 1060 2075 imo
1084 2015 1331 2093 insuperloauu.

86 2102 117 2179 9,
141 2100 171 2163 3.
200 2117 361 2161 erroneam
395 2102 475 2162 illam
507 2102 682 2181 opinionem
711 2121 726 2163 a
758 2102 914 2182 discipulis
948 2101 1094 2182 prolatam
1131 2108 1237 2181 aperte
1268 2101 1328 2162 irn-

85 2193 219 2270 pugnat3
244 2205 339 2265 quare
364 2187 430 2268 ipsa
453 2207 520 2249 eam
543 2187 704 2267 professus
738 2189 798 2250 dici
821 2189 936 2268 nequit.
983 2188 1044 2249 Cir.
1068 2189 1157 2249 etiem
1182 2188 1253 2249 Luc.
1282 2185 1330 2265 13,

88 2272 183 2337 1-3.
208 2273 350 2334 Similiter

175 2360 211 2434 b)
233 2360 327 2420 verba
357 2360 406 2422 tlt.
432 2358 482 2436 ll,
508 2358 577 2421 lh:
610 2362 634 2419 al
655 2361 761 2421 odim
783 2357 934 2430 δέξασθαι
955 2378 1016 2422 non
1054 2360 1199 2421 exhibent
1222 2378 1331 2422 enem-

85 2448 168 2528 plum
192 2446 482 2507 accommodationis
506 2447 656 2525 positivae
688 2448 899 2529 dogmaticae3
923 2447 1035 2507 etenim
1059 2464 1163 2507 vorum
1186 2465 1247 2507 non
1272 2452 1330 2524 est,

88 2534 172 2595 omni
194 2549 234 2593 ex
256 2538 342 2611 parte
366 2531 472 2593 selsam
497 2531 593 2594 fuisse
616 2534 803 2595 ludaeorum
833 2533 1015 2594 sententiam
1040 2532 1078 2593 de
1101 2532 1185 2594 Eliee
1210 2533 1332 2613 proditu

90 2625 164 2679 ante
185 2618 314 2680 blessiue
337 2619 519 2692 adventum:
554 2638 622 2680 nam
646 2621 809 2681 hlalachias
832 2620 864 2697 4,
886 2621 916 2680 5.
939 2619 969 2681 d.
996 2619 1035 2681 de
1058 2620 1169 2681 llessia
1200 2620 1330 2701 ejusque

91 2721 294 2787 praecursore
317 2705 449 2784 loquens
481 2704 561 2768 hunc
584 2707 670 2768 Eliae
692 2708 814 2769 nomine
837 2707 1016 2788 insignivit3
1039 2707 1069 2767 in
1092 2724 1131 2769 eo
1152 2714 1252 2768 tumen
1277 2724 1331 2768 er-

73 2798 194 2853 ·rarunt
216 2790 335 2868 Judaei,
359 2792 440 2871 quod
472 2793 554 2854 illum
585 2795 684 2873 ipsum
706 2795 801 2855 Eliam
836 2793 1031 2873 prophetam,
1063 2794 1114 2872 qui
1133 2794 1197 2873 jam
1228 2812 1331 2872 quon-

87 2878 158 2939 dam
191 2877 238 2939 his
261 2879 292 2938 in
316 2883 407 2940 terris
436 2880 574 2956 vixerat,
599 2898 660 2941 non
687 2898 763 2941 vero
787 2877 876 2940 alium
901 2879 939 2939 ab
961 2878 1045 2940 Eliae
1068 2896 1200 2959 persona
1224 2880 1331 2940 diver-

88 2982 167 3042 sum,
199 2965 310 3025 virtute
341 2972 442 3027 tamen
466 2971 498 3027 et
521 2968 629 3046 spiritu
656 2966 683 3026 ei
714 2964 895 3028 simillimum
929 2964 1015 3037 (Luc.
1045 2964 1074 3041 l,
1101 2964 1166 3038 ll.)
1200 2966 1330 3026 blessiae

85 3068 322 3134 praecursorem
345 3050 422 3128 lore,
441 3053 554 3132 opinati
578 3058 664 3125 sunt3
688 3058 848 3132 praeterea
872 3049 1055 3112 fallebantur
1076 3064 1125 3125 eo',
1142 3049 1223 3133 quod
1248 3049 1329 3112 hunc

85 3138 193 3215 Eliam,
216 3136 350 3200 Messiue
381 3155 626 3218 praecursorem,
659 3157 720 3200 non
750 3138 936 3218 spiritualem
960 3137 1068 3214 solum,
1092 3136 1148 3198 sed
1171 3142 1203 3201 ct
1223 3137 1330 3217 politi·

85 3242 155 3285 curn
189 3223 324 3286 futurum
358 3243 431 3286 esse
465 3226 672 3306 reparatorem
704 3225 902 3287 crediderunt
924 3224 1010 3299 (coll.
1033 3223 1087 3287 blr.
1111 3223 1141 3300 9,
1169 3222 1330 3297 10-12.).

85 3312 117 3375 Si
141 3311 235 3392 igitur
266 3311 358 3373 verba
382 3311 509 3373 Christi:
533 3315 557 3370 si
578 3313 683 3371 θέλετε
706 3309 866 3388 δέξασθαι,
899 3317 989 3390 prout
1024 3310 1191 3371 adversarii
1213 3312 1329 3387 volunt,

84 3396 144 3459 hac
166 3398 287 3458 ratione
310 3397 573 3480 intelligerentur:
599 3399 649 3477 „Si
673 3400 713 3459 ita
736 3398 825 3461 vobis
848 3398 949 3477 plecet
971 3398 1152 3477 accipere“:
1175 3414 1328 3476 sequore-

84 3490 136 3545 tur
157 3484 271 3563 potius,
295 3483 444 3546 Christum
469 3493 576 3547 contra
607 3485 775 3565 prophetes
809 3485 983 3545 vaticinium
1005 3485 1182 3563 permisisse
1206 3484 1330 3546 audito-

85 3586 153 3631 rum
185 3570 311 3631 crbitrio
345 3571 475 3632 credere
497 3573 546 3632 vel
571 3588 631 3633 non
667 3571 807 3647 credere,
830 3570 925 3631 Ellam
947 3579 1109 3632 venturum
1133 3588 1216 3648 esse,
1240 3590 1329 3650 quam

85 3657 123 3716 ab
148 3671 187 3716 ec
218 3656 325 3717 laisum
348 3657 534 3723 ludaeorum
568 3658 742 3739 opinionem
765 3674 837 3718 esse
872 3656 1079 3735 adprobatam.
1124 3657 1185 3720 Sed
1208 3676 1248 3717 ne
1271 3657 1329 3719 hoc

85 3742 209 3822 quidem
231 3743 335 3804 verbis
351 3743 460 3805 Christi
484 3744 573 3822 inest,
597 3745 634 3820 si,
652 3751 740 3820 prout
762 3761 836 3804 usus
859 3743 1005 3822 loquendi
1029 3743 1166 3819 admittit,
1183 3745 1328 3805 orationis

87 3845 165 3890 vero
189 3836 353 3891 contextus
377 3828 584 3910 alloquentis
620 3831 779 3893 consilium
803 3828 945 3910 postulat,
968 3829 1028 3891 hoc
1050 3830 1142 3891 modo
1165 3848 1329 3909 exponun-

86 3922 156 3976 tur:
175 3914 205 3978 st
229 3916 330 3977 missis
353 3917 551 3997 praejudiciis
573 3917 686 3977 vestris
704 3916 839 3978 deEliae
864 3933 996 3995 persona
1010 3933 1184 3978 acmnnere
1207 3917 1328 3979 saniora

83 4001 247 4063 admittere
271 4020 308 4063 uc
331 4001 453 4065 disce're
476 4021 538 4065 non
568 4003 731 4079 recusatis,
755 4003 877 4080 scitote,
900 4001 982 4064 hunc
1005 4004 1102 4082 ipsum
1124 4002 1274 4063 loannem
1298 4010 1329 4065 et

82 4106 146 4150 non
170 4087 260 4150 alium
284 4107 356 4151 esse
372 4088 476 4166 Ellam,
501 4107 591 4169 quem
614 4089 805 4170 proditurum
829 4096 916 4151 recte
939 4089 1076 4150 creditis.
1098 4087 1199 4149 Verba
1215 4089 1327 4151 Christi

81 4174 141 4236 hac
163 4176 283 4237 ratione
307 4183 433 4257 accepta
457 4183 571 4238 tantum
594 4177 693 4253 abest,
716 4182 750 4239 ut
772 4174 1066 4238 accommodationis
1089 4174 1221 4252 positive
1244 4176 1327 4259 dog-

82 4262 214 4323 maticae
251 4263 424 4343 exemplum
456 4263 633 4341 exhibeant,
663 4269 696 4324 ut
726 4263 830 4342 potius
861 4263 1002 4338 doceant,
1034 4260 1149 4338 lesum,
1183 4263 1266 4341 quod
1297 4264 1327 4325 in

82 4347 237 4410 sententia
255 4347 442 4411 ludaeorum
465 4350 504 4411 de
516 4349 602 4411 Eliae
626 4349 758 4411 adventu
781 4366 886 4411 verum
909 4354 984 4425 erat,
1009 4346 1219 4426 confirmasse,
1244 4349 1326 4430 quod

81 4441 184 4499 autem
207 4432 246 4496 de
270 4435 493 4519 ejus-persone
517 4455 554 4499 uc
577 4455 713 4501 munere,
728 4441 795 4499 erut
827 4452 1003 4513 erroneum,
1027 4434 1214 4497 correxisse.
1258 4435 1325 4498 De-

83 4521 177 4602 nique
201 4519 271 4583 dum
1116 4550 1119 4555 ·
1305 4554 1308 4559 ·
