2834 4896
123 185 167 251 68

124 368 208 431 drina
232 387 291 450 ope
323 367 563 432 concordantiae
591 367 706 431 indicat
727 368 761 430 V.
783 368 815 431 Τ.
839 369 928 446 loca,
951 369 1001 432 ubi
1032 370 1180 432 vocabula
1215 369 1358 432 hebraica

122 453 326 534 inveniuntur,
358 472 437 536 quae
467 456 588 538 graecis
610 454 668 515 illis
699 456 888 536 respondent
908 456 1071 537 lucemque
1095 456 1264 519 adundant
1312 456 1359 520 Sic

122 559 150 602 v.
163 561 191 623 g.
203 542 299 603 verbo
321 538 463 619 ‘pignotta
476 542 557 620 quod
570 540 696 607 Graecis
720 548 768 603 est
790 541 911 624 frango,
934 560 1052 622 rumpo,
1068 542 1183 619 lacero,
1198 543 1251 605 ΜΓ.
1267 544 1299 619 li,
1315 542 1361 604 18.

122 626 194 689 Luc.
207 628 237 704 9,
248 626 301 689 42.
318 627 453 688 tribuere
476 627 729 709 significationem
750 626 942 690 hebraicam:
955 634 1128 709 prosterno,
1141 629 1234 691 burno
1261 627 1361 707 allido,

122 731 212 776 nemo
234 714 398 789 verebitur,
417 713 468 792 qui
490 733 530 775 ex
551 713 696 776 versione
720 712 802 795 Sept.
826 714 976 790 didicerit,
991 721 1135 776 auctores
1158 715 1227 795 ejus
1251 732 1361 776 vocem

121 799 203 863 illam
225 800 419 862 substituisse
447 798 531 861 hebr.
555 805 642 879 stup,
677 799 760 880 quod
786 800 885 863 Isaiae
909 798 959 876 13,
985 800 1035 863 18.
1058 807 1089 862 et
1111 801 1187 862 alias
1220 800 1363 863 denotat:

122 891 303 965 prostemo‚
334 884 424 946 burno
452 884 543 946 allido
566 885 609 953 *t
654 885 729 947 Vico
759 903 848 949 versa
878 887 914 965 β)
946 886 997 948 ubi
1028 887 1059 948 in
1092 885 1127 947 N.
1151 886 1182 948 Τ.
1217 885 1363 949 hebraica

123 978 297 1047 occurrunt,
328 978 380 1033 aut
399 971 449 1033 ubi
471 976 573 1033 textus
606 970 769 1034 hebraicus
793 971 831 1034 ad
854 989 978 1034 sensum
1000 972 1062 1033 loci
1087 971 1245 1052 cujusdam
1269 973 1305 1035 N.
1330 972 1361 1034 Τ.

121 1057 335 1121 inveniendum
364 1057 417 1120 uel
445 1056 565 1136 plenius
599 1056 849 1138 cognoscendum
872 1056 989 1119 consuli
1022 1057 1132 1135 debet,
1163 1058 1363 1140 Septuaginta

122 1143 362 1226 significationes
395 1143 557 1205 hebraicas
590 1160 699 1205 vocum
722 1152 755 1205 et
776 1142 972 1206 formularum
1005 1145 1218 1207 obscuriorum
1240 1144 1363 1226 pandit3

121 1249 190 1293 nam
221 1229 301 1292 baud
330 1247 401 1293 raro
430 1230 563 1310 quaein
595 1229 725 1309 quodam
748 1229 820 1293 loco
843 1229 881 1292 ad
904 1231 1030 1293 verbum
1053 1246 1203 1314 expressa
1227 1237 1310 1309 sunt,
1335 1231 1364 1293 in

122 1317 181 1380 alio
204 1317 335 1379 maxime
357 1316 519 1397 perspicue
543 1321 575 1377 et
596 1316 726 1398 egregie
748 1315 927 1378 redduntur.

209 1405 247 1478 d)
270 1403 370 1478 Quum
385 1403 420 1463 in
436 1402 642 1464 versionibus·
659 1403 789 1464 traditio
812 1404 974 1483 exegetica
988 1404 1031 1464 sit
1053 1403 1208 1482 deposita,
1221 1405 1365 1467 auctori·

122 1498 215 1555 tatem
249 1506 356 1550 earum
378 1506 440 1568 gua
474 1490 597 1551 testium
618 1507 698 1550 usus
722 1489 869 1568 loquendi
891 1507 928 1550 eo
950 1491 1129 1567 grauiorem
1151 1489 1283 1565 babeas,
1306 1508 1364 1569 guo

121 1577 318 1657 antiquiores
351 1582 444 1650 sunt,
475 1582 505 1635 et
525 1576 593 1637 uice
628 1592 732 1637 oersa.
779 1572 960 1637 Consenaus
994 1576 1131 1637 omnium
1165 1577 1365 1637 auditionem

121 1671 317 1727 constantem
338 1678 376 1721 ac
398 1668 517 1721 certam
539 1669 734 1722 contestatur
744 1679 757 1732 ‚·
789 1662 823 1722 in
845 1662 994 1727 dissensu
1016 1680 1057 1722 ec
1075 1661 1148 1739 fide,
1183 1681 1224 1723 ec
1244 1663 1366 1740 integro

123 1750 305 1811 charactere
335 1749 533 1821 versionum,
555 1765 612 1808 nec
634 1765 698 1808 non
721 1766 762 1809 en
783 1756 930 1809 autorum
952 1748 1088 1808 consilio
1111 1755 1141 1807 et
1164 1748 1239 1808 aliis
1259 1746 1363 1825 sonti-

123 1833 182 1898 bus
204 1853 242 1896 ac
272 1832 425 1895 subsidiis
458 1833 696 1911 diiudicandum
718 1841 782 1909 cst,
811 1835 936 1895 cuinam
957 1835 1183 1912 praerogatiua
1206 1833 1364 1896 debeatur.

209 1923 244 1995 e)
267 1917 295 1979 A
318 1918 517 1980 versionibus
539 1918 619 1979 nibil
641 1927 814 1996 respectes,
837 1921 903 1981 nisi
930 1920 1179 1998 significationes
1201 1920 1366 1985 ooeabntr't

123 2008 158 2070 irs
172 2008 307 2086 singulis
330 2006 410 2066 loeis
432 2006 662 2066 convenientes.
676 2013 707 2065 et
721 2022 848 2066 sensum
870 2005 1025 2066 dictorum
1047 2023 1142 2084 saepe
1165 2005 1239 2066 aliis
1261 2006 1367 2067 uerbis

124 2108 318 2173 supressum.
352 2089 520 2151 Vorsiones
543 2106 696 2170 nunquam
718 2096 877 2171 praestare
900 2097 1037 2170 possunt,
1060 2108 1162 2170 neque
1184 2108 1240 2171 pro
1264 2091 1365 2162 indole

123 2196 177 2243 sua
212 2182 371 2260 praestare
402 2175 526 2250 debent,
561 2182 595 2237 ut
615 2193 723 2239 omnes
746 2174 987 2258 significationes
1011 2176 1169 2256 cujusdam
1191 2177 1280 2239 vocis
1305 2194 1363 2239 uno

124 2264 297 2342 eodemque
320 2263 351 2325 in
373 2261 454 2339 loco,
489 2267 541 2323 aut
570 2261 786 2345 etymologiam
818 2262 990 2324 exhibeant.
1034 2261 1240 2344 Excipiendus
1265 2269 1364 2331 tamen

122 2350 302 2431 estAguila‚
319 2347 381 2429 qui,
399 2354 431 2409 ut
454 2354 485 2410 et
507 2348 723 2431 etymologiam
745 2355 1003 2429 repraesentaret,
1017 2366 1212 2428 summopere
1235 2349 1364 2411 adlabo-

120 2438 207 2515 ravit,
230 2435 274 2499 uti
296 2435 410 2499 docent
431 2432 601 2517 fragmenta
623 2435 776 2499 versionis
799 2435 879 2515 ejus,
899 2452 979 2515 quae
1002 2434 1041 2496 ad
1065 2452 1121 2496 nos
1145 2441 1360 2515 pervenerunt.

690 2632 720 2699 ς.
739 2623 792 2686 48.

543 2760 571 2810 Β.
589 2759 617 2810 lu
636 2759 805 2841 scriptpribus
824 2759 944 2827 antiquis.

206 2905 257 2968 En
278 2906 363 2967 bisce
395 2905 564 2983 praecipue
599 2904 835 2965 commemorari
856 2911 1014 2966 merentur
1034 2903 1195 2985 deeeptus
1220 2902 1364 2966 Flauii

121 2992 265 3056 nonnulii
288 2990 401 3053 Patres
423 2990 595 3052 ecclesiae:
749 3044 754 3053 ,

210 3080 236 3140 1.
260 3075 491 3163 acceptasti,
515 3093 598 3137 saec.
623 3075 646 3136 l,
667 3074 793 3154 florens,
817 3077 889 3136 licet
914 3058 1089 3137 semiorbem
1111 3073 1361 3136 Alexandrinam

121 3173 247 3228 secutus
270 3165 321 3239 sit,
355 3165 486 3241 saepius
507 3170 609 3223 tamen
639 3163 742 3240 ipsum
764 3168 879 3222 tentum
907 3161 1092 3239 originalem
1114 3159 1255 3236 contulit,
1280 3160 1363 3240 guod

121 3252 192 3312 loca
213 3251 369 3330 permulta
388 3248 533 3327 probant,
556 3248 589 3308 in
612 3247 725 3326 quibus
747 3266 768 3310 a
790 3247 833 3308 70
853 3246 1100 3310 translatoribus
1131 3246 1277 3307 discedit.
1325 3246 1361 3306 ln

121 3336 171 3397 bis
186 3338 256 3414 jam
279 3336 327 3396 e‘st
360 3334 500 3413 locuples
531 3351 611 3394 usus
647 3333 794 3412 loquendi
822 3332 964 3395 bebraici
985 3334 1074 3394 testis
1085 3353 1098 3406 ;
1132 3331 1246 3392 ceteris
1281 3332 1361 3393 enim

121 3418 346 3503 litterpretibus,
371 3419 509 3500 exceptis
532 3417 756 3488 Alexandrinis,
775 3418 936 3501 antiquior,
952 3417 1085 3480 dialecto
1109 3416 1264 3479 chaldaica
1288 3424 1361 3479 ute·

121 3504 210 3570 bitur·
232 3507 417 3585 tomacula3
451 3502 598 3566 sacerdos
621 3510 687 3566 erat
710 3505 857 3578 eruditus,
889 3510 920 3566 et
942 3502 1082 3584 proinde,
1115 3521 1195 3585 quac
1230 3503 1267 3564 ad
1292 3504 1361 3584 ejus

121 3611 221 3674 usque
253 3598 383 3653 aetatem
413 3591 451 3652 de
474 3609 533 3653 usu
566 3589 712 3669 loquendi
740 3591 885 3655 hebraico
920 3597 1132 3671 pervenerant,
1156 3608 1217 3652 non
1240 3595 1363 3671 poterat

121 3698 183 3742 non
207 3679 302 3760 probe
325 3678 405 3738 scire
429 3678 496 3750 **).
1057 3676 1065 3683 “
1115 3676 1133 3681 ”
1203 3675 1207 3681 ’

208 3764 347 3840 2.'(iuae
381 3765 415 3824 in
447 3765 575 3842 scriptis
604 3763 748 3844 Originis
779 3772 810 3825 et
836 3781 862 3823 s.
885 3759 1066 3842 Hieronymi
1099 3760 1266 3837 hebraica,
1291 3779 1313 3823 a
1335 3780 1362 3823 a.

120 3851 296 3931 Augustino
322 3851 449 3929 punica,
479 3859 509 3911 et
530 3869 551 3911 a
572 3868 597 3911 s.
620 3850 795 3931 lipbraemo
825 3848 955 3929 sgriaca
985 3849 1203 3935 explicantur,
1238 3865 1361 3909 omnem

122 4128 125 4139 =
159 4105 188 4169 ‘J
208 4103 259 4156 Cir.
278 4103 480 4186 significationes
498 4104 570 4156 hebr.
587 4103 698 4184 vocibus
716 4104 818 4186 muscis
835 4100 966 4184 subjectas
979 4117 1062 4184 'supra
1081 4103 1113 4183 ·§.
1132 4099 1173 4184 39.
1193 4101 1218 4153 2.
1236 4099 1362 4183 perrepe-

204 4169 1263 4308 til'iilttttitilitilttit{simmitriiiit‘ttibtt
1276 4170 1362 4290 tiit

203 4311 241 4375 4.;
260 4313 286 4364 iu
304 4310 393 4363 lndiae
411 4311 444 4362 ad
463 4310 582 4362 Trommii
600 4308 817 4372 concordantias,
832 4324 882 4360 uec
900 4323 952 4359 non
970 4310 996 4360 in
1008 4307 1103 4359 benico
1121 4307 1236 4362 bobraeo
1256 4322 1362 4365 annom

204 4378 322 4449 Origenlr
341 4379 458 4446 hexaplis
477 4379 518 4430 ed.
537 4395 551 4430 a
570 4377 763 4430 blontlauconio
782 4377 854 4429 lom.
871 4376 901 4429 ll.
921 4392 979 4445 pag.
997 4375 1046 4429 tot
1067 4391 1141 4446 seqq.

139 4447 185 4513 ”J
204 4447 317 4516 Operum
335 4448 444 4515 losopbi
461 4446 543 4499 Flavii
570 4447 716 4516 elegantem
740 4446 880 4499 cainonem
902 4446 1080 4500 recentissimo
1098 4447 1199 4499 enavit
1215 4442 1361 4499 Guilelmus

82 4554 129 4600 ,ι
205 4517 361 4569 Dindorllus.
382 4516 484 4567 Parisiis
504 4515 647 4566 tsrc-tt.
667 4515 683 4568 2
701 4514 763 4567 vall.
783 4514 807 4567 8.
826 4515 884 4581 muj.
