2834 4896
605 394 781 491 capus
807 394 867 473 ΙΙ.

241 565 298 624 llo
332 583 358 627 s.
390 565 610 648 Scriptura
646 568 825 648 ejusque
857 569 1235 651 interpretatione.

686 762 714 829 s.
740 756 789 819 10.

470 863 590 915 Definitio
610 873 636 915 et
654 863 822 918 dicendorum
844 876 1012 934 conspectus.

206 1033 266 1093 Per
287 1051 312 1091 a.
335 1030 531 1110 Scripturam
552 1032 755 1108 inteflipinnts
779 1032 878 1093 libros
901 1052 921 1093 o
943 1035 1022 1093 aima
1044 1033 1194 1094 divinitus
1215 1034 1360 1112 inspiro·

121 1122 161 1182 tis
180 1118 359 1198 profectos,
391 1136 411 1178 a
434 1118 568 1177 coneilio
595 1116 775 1179 Tridentino
798 1138 877 1179 sess.
900 1119 953 1180 IV.
977 1129 1040 1180 tarn
1062 1119 1166 1199 quood
1187 1138 1359 1196 narnensem,

121 1215 183 1266 tarn
206 1205 308 1283 pallad
327 1213 436 1282 partes
458 1204 620 1280 detinebas,
648 1206 700 1282 qai
722 1204 886 1265 historiam
907 1223 1034 1265 sacram
1057 1215 1087 1266 et
1107 1207 1283 1267 doctrinam
1305 1224 1359 1265 re-

119 1292 254 1352 velatam
276 1291 441 1350 contineat.

205 1374 319 1436 Exbac
342 1372 518 1434 definitione
534 1375 597 1453 jam
619 1380 712 1454 patet,
735 1372 957 1455 ascripturum
981 1377 1089 1437 summi
1107 1390 1180 1435 esse
1201 1372 1358 1453 momenti,

121 1480 194 1524 esse
222 1455 257 1519 ed
280 1460 397 1538 βιβλίον
420 1455 483 1517 κατ’
508 1455 622 1538 ἐξοχὴν,
656 1460 737 1539 qnod
771 1462 906 1522 continet
938 1461 1065 1523 verbum
1088 1461 1184 1522 Patris
1215 1459 1360 1522 coelestis

120 1548 242 1630 plenum
274 1546 371 1627 gratia
404 1550 435 1605 et
464 1546 611 1623 veritate,
645 1553 676 1607 et
706 1548 860 1626 pertinere
888 1546 925 1608 ad
957 1548 1216 1628 pretiosissimos,
1252 1546 1360 1627 quibus

122 1633 255 1694 ecelesia
279 1630 388 1692 Christi
421 1631 553 1712 gaudet,
586 1632 756 1693 thesauros.
790 1668 832 1678 -—
865 1632 978 1695 Veram
1000 1633 1047 1695 his
1079 1651 1140 1695 non
1169 1634 1359 1695 obstantibus

124 1718 256 1780 ecelesia
289 1718 452 1778 christiana
484 1716 608 1779 fundata
632 1724 662 1780 et
694 1724 862 1800 propagata
884 1737 945 1780 non
970 1726 1017 1781 εει
1039 1737 1095 1800 per
1116 1736 1141 1780 s.
1164 1717 1358 1801 Scriptorum,

123 1811 155 1866 et
184 1804 299 1865 haecce
328 1821 388 1864 nec
418 1805 567 1885 integram
599 1805 735 1866 continet
765 1804 934 1866 doctrinam
966 1805 1176 1881 christianam,
1205 1822 1311 1885 neque
1330 1804 1360 1865 in

124 1890 262 1953 omnibus
285 1889 362 1951 loeis
386 1897 434 1951 est
457 1890 547 1951 clara.
594 1891 730 1951 Genuina
752 1891 855 1970 itaque
878 1909 918 1952 ss.
950 1892 1104 1953 literarum
1138 1890 1357 1971 interpretatio,

121 1983 156 2039 nt
178 1982 304 2057 propter
326 1975 457 2038 indolem
481 1994 584 2036 earum
608 1984 873 2037 commemoratam
897 1984 944 2038 est
967 1994 1113 2057 perquam
1136 1975 1286 2053 difficilis,
1321 1977 1359 2036 ita

123 2063 162 2125 ab
187 2080 334 2124 summum
356 2065 485 2142 pretium
508 2067 556 2123 est
578 2063 707 2122 inanime
737 2062 917 2143 exoptanda.
961 2063 1047 2125 Votis
1081 2063 1193 2124 nostris
1215 2061 1359 2123 Dominus

124 2147 291 2224 satisfecit,
314 2147 518 2224 infallibilem,
542 2147 746 2208 authenticum
769 2149 858 2210 nobis
882 2148 998 2211 donans
1021 2166 1043 2211 ε,
1068 2148 1183 2210 codicis
1206 2148 1361 2227 interpre-

122 2241 207 2310 tem,
241 2251 301 2312 quo
325 2234 404 2296 <lucc
426 2234 578 2313 interpres
602 2233 797 2312 doctrinalis,
829 2236 1015 2296 necessariis
1039 2234 1160 2296 dotibus
1183 2234 1358 2310 instructus,

124 2320 163 2383 ad
186 2318 391 2380 desideratum
414 2337 540 2400 scopum
563 2316 694 2381 feliciter
716 2321 845 2382 enititur.

210 2405 257 2466 De
278 2406 405 2487 singulis
428 2406 514 2468 hisce
533 2406 596 2485 jam
620 2407 724 2486 paneis
748 2408 845 2468 acturi
868 2406 1161 2468 demonstrabimus:

210 2490 232 2552 l.
255 2491 468 2553 Definitionem
491 2498 625 2553 nostram
648 2510 672 2554 s.
696 2491 869 2572 Scripturae
893 2510 964 2554 esse
986 2510 1113 2567 veram3

210 2576 244 2638 ll.
279 2577 440 2640 ecclesiam
477 2577 668 2638 christianam
705 2578 866 2640 traditione
909 2596 980 2640 esse
1020 2576 1174 2640 fundatam
1205 2594 1361 2659 propaga-

123 2671 268 2742 tamqne3

174 2790 177 2797 ·
211 2749 257 2810 lll.
282 2748 310 2812 S.
335 2748 518 2829 scripturam
541 2767 603 2811 non
624 2750 774 2831 integram
809 2751 968 2813 continere
990 2750 1067 2812 Jesu
1089 2748 1198 2813 Christi
1222 2755 1254 2810 et
1276 2748 1362 2831 Apo·

126 2835 273 2898 stolorum
297 2835 507 2910 traditionern3

212 2921 260 2982 lV.
285 2939 351 2982 eam
374 2939 435 2982 non
459 2922 488 2982 in
512 2922 651 2984 omnibus
673 2921 750 2983 locis
775 2938 847 2983 esse
870 2922 1000 2999 claram;

213 3007 248 3068 V.
280 3007 357 3069 Jesn
381 3006 490 3068 Christi
522 3014 552 3069 et
574 3008 791 3089 Apostolorum
826 3007 993 3070 doctrinam
1027 3009 1193 3090 integram,
1222 3023 1301 3089 pure
1334 3010 1365 3068 et

131 3094 213 3156 clare
238 3093 386 3154 contineri
410 3093 441 3153 in
465 3094 596 3155 ecelesia
620 3094 941 3167 Romano-catholiam

211 3178 260 3240 Vl.
284 3179 445 3240 ecelesiam
476 3180 655 3242 catholicam
686 3181 888 3242 authenticam
921 3197 992 3242 esse
1016 3197 1055 3242 ss.
1087 3180 1242 3241 literarum
1265 3179 1364 3239 inter-

125 3273 262 3346 pretem3
1048 3323 1051 3327 ,

214 3349 274 3411 Vll.
306 3350 387 3411 idern
419 3351 509 3412 etiam
532 3370 550 3414 a
574 3352 704 3413 concilio
737 3352 913 3414 Tridentino
938 3351 1110 3413 confirmari
1133 3357 1164 3412 et
1195 3348 1367 3411 accuratius

128 3435 340 3511 determinem
361 3436 432 3498 hinc
1241 3456 1246 3465 ·

214 3520 288 3583 Vlll.
312 3523 474 3584 ecclesiam
500 3524 531 3585 in
564 3523 847 3605 interpretationem
870 3540 893 3586 s.
916 3523 1090 3605 Scripturae
1114 3521 1295 3583 catholicam
1317 3519 1366 3581 in-

126 3608 242 3681 fluere3
265 3614 427 3689 propterea

215 3694 264 3755 IX.
297 3693 387 3754 marlia
422 3712 594 3774 magnaque
629 3693 810 3755 catholicam
840 3696 921 3756 inter
954 3701 985 3755 et
1014 3711 1099 3755 mere
1129 3692 1311 3754 rationalem
1344 3706 1367 3753 s.

130 3779 303 3863 Scripturae
327 3780 607 3859 interpretationem
631 3780 824 3841 intercedere
848 3780 1040 3855 discrimina3
1065 3787 1095 3841 et
1118 3779 1250 3858 denique

215 3867 250 3927 X.
275 3866 466 3945 objectiones
491 3872 596 3926 contra
621 3867 901 3946 interpretationem
924 3866 1103 3927 catholicam
1134 3871 1232 3926 motas
1255 3863 1367 3925 nullius

130 3972 201 4015 esse
224 3952 377 4013 momenti.

697 4148 725 4215 s.
750 4139 799 4205 ll.

474 4248 493 4300 I.
520 4249 641 4300 Definitio
660 4266 681 4303 s.
701 4250 848 4318 Scripturae
866 4251 1021 4306 vindicatur.

218 4372 433 4453 definitionem
466 4392 492 4434 s.
530 4373 712 4451 Scripturae
750 4377 896 4454 superias
935 4376 1041 4437 datam
1084 4372 1277 4435 vindicaturi
1317 4373 1370 4434 di-

132 4481 245 4524 centus:
