2834 4896
1254 196 1297 263 77

140 368 172 431 2.
194 366 246 431 Aa
266 368 466 450 imperfectos
486 368 684 435 lemeismos
701 373 880 454 pertinent:

140 458 181 529 a)
206 453 289 516 llsus
318 459 588 537 praepositionum
622 459 692 520 loco
725 477 857 521 casuum
889 458 1076 539 simplicium
1099 455 1297 535 Graecmum,

58 546 106 603 ul:
142 535 344 614 ἀποκρύπτειν
377 561 406 600 τι
435 539 497 602 olai
527 562 608 613 τινος
635 544 686 607 Mt.
704 544 761 623 -11,
784 546 854 619 25.;
877 546 989 604 ἐσθίειν
1020 538 1080 604 clai
1103 547 1164 604 τῶν
1184 544 1296 623 ψιχίων

54 626 102 688 Mt.
130 625 182 703 15,
205 624 257 687 27.
280 624 340 701 al.;
372 623 461 696 ἀθώς
481 623 542 687 ἀπὸ
571 633 627 689 τοῦ
657 627 782 709 αἵματος
810 631 860 694 lit.
884 627 937 709 27,
959 629 1012 693 21.
1046 627 1116 708 (cfr.
1138 628 1296 692 Fritusche

53 712 74 774 l.
98 711 211 787 808.);
235 708 375 781 κοινωνὸς
396 709 426 772 ἕν
447 735 504 772 τινι
525 712 576 776 Mt.
599 713 653 794 23,
676 714 728 779 30.

141 798 180 873 b)
203 795 340 860 Imitatio
362 799 510 876 infinitivi
531 800 680 879 absoluti,
704 800 758 863 cir.
781 800 853 863 Luc.
878 799 908 879 1,
931 797 1069 863 72-80.

139 888 178 959 o)
201 881 385 962 Designatio
408 887 567 947 notionum
590 887 823 966 adjectioolium
842 905 901 968 per
930 887 1129 950 substantioe
1147 886 1298 968 proprie·

52 978 164 1045 tatum,
187 972 373 1050 quantitatis
396 978 427 1033 et
448 970 610 1051 qualitatis
619 994 634 1047 ;
865 1051 867 1054 y

142 1055 183 1130 d)
205 1054 287 1117 Fors
308 1064 340 1117 et
367 1054 517 1138 frequens
547 1076 626 1119 usus
658 1059 804 1135 infinitivi
835 1077 905 1122 oum
922 1058 1225 1137 :praepositionibus
1258 1057 1294 1121 im

54 1141 201 1203 oratioue
224 1141 388 1203 historica.

141 1224 228 1287 Haec
244 1227 344 1288 omnia
367 1224 550 1308 simplicitati
573 1227 758 1310 antiquitatis
780 1229 978 1310 respondent,
993 1228 1083 1290 etiam
1101 1227 1179 1310 apud
1198 1227 1299 1292 Grae-

56 1328 120 1379 cos,
145 1310 313 1393 praecipua
334 1318 444 1392 poetas
467 1321 642 1393 occurrunt,
664 1313 798 1395 ideoque
820 1314 943 1397 linguae
965 1331 1098 1397 graecae
1121 1314 1213 1397 genio
1237 1331 1299 1375 non

57 1416 75 1459 c
98 1397 248 1459 diametro
271 1404 343 1460 sunt
364 1398 515 1481 opposita,
538 1406 572 1460 ut
592 1395 697 1460 ιιιιύειι
720 1397 782 1460 ἀιιό
804 1422 895 1470 τινος.

145 1483 175 1544 3.
196 1482 250 1545 Aa
268 1484 397 1563 fictitios
419 1483 614 1547 hebraismos
636 1485 805 1565 referenda
826 1495 922 1550 suat:

145 1573 184 1644 a)
204 1569 344 1649 pluralis
366 1572 601 1649 majestatious;

145 1654 183 1728 b)
205 1671 224 1721 2
247 1657 401 1718 essentiae
412 1677 425 1728 ,·

144 1744 181 1815 c)
200 1751 373 1821 praetensa
394 1741 580 1821 superlativi
601 1745 764 1824 cupressis
784 1761 845 1825 per
866 1742 1006 1806 additam
1031 1761 1139 1806 uocem
1161 1739 1245 1820 θεός,
1267 1748 1301 1807 ut

56 1821 190 1905 σάλπιγξ
212 1830 266 1886 roi
287 1828 387 1899 θεοῦς

146 1913 185 1986 d)
207 1931 287 1975 usus
305 1910 453 1990 feuuniai
475 1913 544 1976 loeo
566 1915 718 1991 neutrius,
742 1922 773 1976 et
791 1913 907 1995 procul
926 1913 1022 1976 dubio

145 2002 182 2072 e)
205 1999 253 2059 sla
275 1999 361 2060 dicia
382 1998 567 2080 hypallage:
587 1994 625 2059 τοὶ
649 1995 767 2079 ῥήματα
789 2003 843 2079 τῆς
870 1996 951 2079 ζωῆς
974 1993 1084 2078 ιαύτης
1105 2015 1180 2082 pro:
1203 1994 1301 2059 rainu

55 2077 94 2142 eol
117 2078 243 2162 ῥήματα
263 2085 319 2162 τῆς
341 2079 431 2163 ζωῆς.

268 2267 536 2334 aelemosinas
556 2271 647 2335 Ν.1’.
670 2274 779 2335 aurito
802 2274 895 2335 etiam
917 2272 1096 2352 referuntur

630 2463 660 2533 ς.
680 2457 732 2522 12.

572 2592 733 2646 rosunum
749 2593 788 2676 ὲ).

145 2734 223 2799 Cum
234 2734 344 2799 ludaei
365 2755 428 2798 non
449 2736 549 2799 minus
572 2755 608 2800 ac
631 2735 708 2799 aliae
731 2743 840 2818 gentas
869 2735 907 2798 ad
943 2735 1090 2799 cruditam
1112 2755 1213 2800 rerum
1237 2745 1303 2802 tra-

60 2823 227 2886 ctationem
244 2829 342 2885 semet
358 2823 523 2905 accingere
543 2824 719 2904 coepissent
736 2822 919 2903 scholasque
938 2826 1126 2886 excitassent
1137 2824 1204 2901 11),
1217 2826 1303 2888 solus

20 2966 23 2971 .
59 2910 140 2972 vitae
166 2909 334 2971 communis
357 2908 501 2990 loquendi
525 2926 599 2971 usus
630 2925 692 2970 non
715 2908 842 2988 amplius
875 2907 1064 2984 sufficiebam
1102 2910 1158 2972 sed
1181 2910 1218 2972 ad
1243 2912 1303 2973 ab·

60 2995 241 3057 structiones
275 2995 418 3057 notiones
449 3011 521 3057 suas
554 2994 758 3076 designandas
781 2994 831 3056 vel
853 3011 952 3056 novos
984 2997 1130 3056 terminos
1153 2997 1301 3077 invenire,

61 3081 108 3143 vel
126 3082 194 3163 jam
218 3086 376 3143 exstantes
399 3082 488 3143 novis
511 3080 783 3163 significationibus
807 3080 923 3142 donare
947 3081 1145 3164 cogebantur.

100 3321 115 3352 4
189 3321 196 3334 .
257 3321 263 3333 .
400 3321 406 3333 .

84 3324 130 3457 ’ὃ
149 3318 362 3454 2312138111ὴὲιὲῗέ
380 3317 656 3439 lqrelqlmpagqffiiaqgm
681 3385 776 3438 iactum
795 3401 864 3450 esse,
881 3385 943 3438 inde
961 3394 1039 3451 patet,
1059 3384 1179 3453 quoda)
1198 3388 1223 3439 in
1242 3386 1303 3456 plu-

149 3457 222 3509 ribus
240 3459 321 3524 ipsius
341 3456 370 3508 N.
389 3456 416 3508 T.
439 3456 504 3508 locis
529 3456 650 3508 doctores
665 3455 764 3521 judaiei
781 3457 858 3508 variis
876 3454 1021 3506 nominibus
1040 3455 1169 3523 designati
1186 3472 1304 3508 commc-

150 3535 292 3589 morantur‚
311 3534 352 3576 ut:
370 3530 546 3594 γραμματεῖς,
572 3529 688 3586 anemos,
708 3526 797 3586 σόοοι,
815 3524 929 3585 νομικοὶ,
947 3520 1188 3587 νομοδιδάσκαλοι,
1207 3527 1302 3594 pappi,

151 3596 236 3663 iisque
256 3602 422 3660 opponuntur
446 3589 630 3714 olyqolpuutas,
654 3590 756 3660 νήπιοι,
783 3591 901 3653 ἰδιῶται,
924 3591 1023 3660 μικροί.
1061 3591 1155 3645 Cim-v.
1174 3611 1199 3662 g.
1217 3595 1258 3646 Mt.
1278 3597 1303 3659 7,

149 3664 193 3715 29.
213 3663 255 3727 11,
274 3664 315 3714 25.
338 3663 399 3714 Luc.
419 3662 461 3727 10,
499 3664 521 3714 1.
538 3663 580 3713 Mt.
599 3663 641 3725 22,
660 3662 701 3714 35.
726 3661 786 3713 coll.
814 3678 872 3712 cum
894 3660 939 3712 Mr.
959 3661 1000 3724 12,
1020 3660 1062 3713 28.
1080 3661 1140 3714 Luc.
1159 3664 1184 3726 5,
1203 3664 1243 3714 17.
1262 3663 1304 3714 21.

149 3732 192 3784 Mt.
211 3732 255 3796 23,
274 3732 298 3783 7.
317 3730 341 3783 8.
359 3731 416 3782 Act.
435 3732 460 3791 1,
479 3732 520 3783 13.
540 3731 599 3783 coll.
619 3748 676 3782 cum
694 3729 787 3783 locun.
806 3731 830 3794 7,
851 3730 890 3780 15.
909 3729 950 3781 Mt.
970 3729 1011 3793 11,
1030 3731 1071 3782 25.
1090 3731 1133 3795 10,
1151 3732 1192 3783 12.
1211 3741 1237 3783 ct
1255 3732 1304 3783 alia

150 3801 234 3868 plura.
269 3802 299 3868 l)
316 3800 377 3851 Luc.
396 3801 420 3863 2,
440 3800 481 3850 16.
499 3800 587 3852 lesum
605 3809 726 3867 parentes
744 3802 810 3852 inter
827 3798 941 3849 eruditos
960 3799 1094 3851 sedentem
1113 3802 1243 3852 invenisse
1262 3800 1303 3852 le-

150 3878 253 3938 guntur.
274 3873 303 3936 e)
322 3868 414 3920 locun.
434 3870 459 3933 7,
480 3869 519 3920 15.
538 3868 632 3920 ludaei
650 3871 771 3919 mirantes
790 3868 891 3918 dicunt:
912 3867 1002 3932 „Unde
1020 3867 1062 3918 hic
1086 3867 1304 3934 (teruntianos

149 3940 232 4000 novit,
251 3953 296 3989 eas
316 3953 367 3989 non
387 3937 532 3990 edoctusl“
552 3939 582 4000 d)
596 3937 653 3988 Act.
672 3938 696 4000 5,
715 3937 757 3988 31.
777 3936 909 4000 (ismahel,
927 3936 999 3989 Pauli
1012 3936 1061 4003 Ap.
1080 3939 1209 4005 magister,
1229 3937 1304 3988 cele-

149 4006 277 4058 berrimas
294 4009 363 4059 inter
380 4005 495 4058 ludaeos
513 4008 610 4058 sistitur
628 4006 727 4057 doctor.
752 4007 779 4071 e)
798 4006 855 4057 Act.
874 4005 899 4066 6,
918 4006 942 4056 9.
961 4015 1192 4058 commemorantur
1209 4005 1303 4057 lliero-

149 4076 257 4140 solymis
274 4075 384 4127 scholae
401 4075 642 4131 Alexandrinorum,
654 4073 1055 4140 Cyrenensiumltibertincrum,
1073 4074 1174 4124 illorum
1192 4088 1224 4125 er
1243 4075 1304 4127 Asia

150 4153 178 4195 et
197 4143 294 4205 Cilicia.
329 4147 356 4212 f)
373 4143 435 4195 an.
455 4143 497 4208 11,
516 4144 556 4194 52.
580 4143 701 4197 alluditur
718 4144 750 4195 ad
768 4159 864 4208 mores,
883 4145 935 4212 qut,
953 4151 982 4196 nt
1000 4145 1035 4193 ita
1053 4142 1176 4206 dicamus,
1195 4144 1221 4194 in
1240 4160 1304 4210 pro-

150 4215 266 4266 motione
285 4212 318 4263 ad
336 4213 444 4281 gradum
463 4212 611 4264 doctoratus
631 4210 854 4276 observabantur3
877 4214 911 4331 q?
929 4213 956 4262 in
974 4210 1087 4262 talmude
1105 4209 1213 4263 scholae
1231 4213 1304 4265 llile-

111 4305 113 4311 ·
150 4281 183 4333 lis
202 4290 228 4333 et
247 4281 367 4333 Schamei
390 4281 424 4332 10
442 4282 544 4333 circiter
561 4282 634 4332 annis
662 4281 868 4333 antechristum
905 4281 1004 4331 aruisse
1023 4278 1150 4344 dicuntur,
1171 4289 1197 4331 et
1216 4297 1304 4333 aarum

153 4352 347 4402 controversias
372 4350 489 4401 eruditae
508 4349 541 4401 de
566 4349 691 4412 divortio,
710 4350 743 4402 de
767 4351 958 4402 resurrectione
982 4355 1153 4412 mortuorum,
1173 4350 1206 4401 de
1224 4366 1304 4418 prac-

152 4428 231 4486 cepta
248 4421 368 4481 maximo,
388 4418 421 4470 de
439 4433 525 4486 poena
552 4418 686 4470 adulterae
703 4434 757 4470 non
776 4434 824 4472 ceu
842 4432 935 4470 recens
954 4415 1056 4468 demum
1075 4425 1177 4483 anama,
1195 4420 1242 4471 sed
1261 4419 1304 4471 diu

146 4486 202 4552 jam
220 4489 332 4554 agitatae
351 4488 377 4538 in
395 4486 425 4540 tt.
443 4487 470 4538 Τ.
488 4495 722 4554 repraesentantur.
