2834 4896
115 203 183 275 sta

117 379 156 441 de
179 374 326 501 doctqirra
347 374 523 442 christiana
544 398 571 443 c.
584 377 775 443 iidrrrentcrn
797 396 888 443 saaru
909 377 971 442 hac
993 377 1032 441 de
1051 395 1088 441 ra
1104 386 1157 441 sat
1178 377 1268 441 clarc
1290 395 1352 441 rna·

115 463 246 545 aiicstat
274 467 315 539 ).·

204 549 241 628 β)
263 568 392 615 seusam
414 550 567 615 literalem
589 552 705 614 boscos
728 554 831 614 instar
851 550 998 619 habeant,
1015 552 1069 614 ersi
1082 551 1239 613 innitatur
1260 568 1355 629 opor-

117 645 183 700 teat
203 636 365 717 spernas,
385 643 422 699 rrt
431 635 582 716 Origenes
593 638 664 716 fl),
684 631 1031 719 r.1tr·cronpnar**·),
1053 655 1080 700 s.
1096 637 1296 717 Amaras
1310 641 1354 712 †),

116 741 143 786 s.
167 720 338 802 Gregorius
349 720 390 784 M.
400 727 485 798 ††);

204 812 238 886 7)
259 810 547 889 interpretationem
576 811 758 890 nycticora,
790 816 828 872 st
854 810 976 888 scripta
1007 826 1116 871 eorurrr
1140 808 1304 889 polemico
1333 817 1358 871 rt

118 895 318 975 apologetica
339 896 536 972 decoranda
555 897 591 959 in
613 896 868 958 demonstrandis
890 894 1086 975 ‹lopnratilras
1107 894 1358 973 mutarerunt

117 980 174 1053 illo
196 980 333 1045 consilio
355 983 440 1057 moti,
459 982 545 1062 qaod
563 986 712 1062 superias
733 988 767 1054 s.
792 982 866 1044 122.
888 982 1224 1060 indicarinas,solrrrn
1243 984 1282 1044 in
1302 982 1358 1043 lsa-

118 1066 265 1129 rniletiais
287 1074 319 1131 el
339 1070 489 1131 asceticis
509 1071 641 1149 scriptis
659 1069 856 1148 srcqacntrnt
866 1073 964 1143 ppos),

208 1149 285 1214 Cam
306 1156 412 1234 itaque
435 1162 555 1218 tantam
577 1154 676 1232 absit,
698 1165 735 1217 rrt
755 1154 869 1217 Patres
890 1156 925 1216 irs
946 1152 1094 1216 sensihas
1115 1154 1263 1234 mysticis
1286 1170 1360 1215 con·

120 1238 258 1315 veniant,
277 1247 314 1303 rrt
331 1242 440 1319 potiar
461 1259 500 1302 nc
522 1241 561 1303 de
582 1243 840 1323 interpretatione
862 1242 985 1321 qaiderrr
1006 1241 1141 1319 mysdca
1162 1240 1277 1302 eadern
1298 1259 1360 1301 orn·

119 1328 210 1387 aaut
226 1326 274 1389 sit
292 1327 450 1391 sententia
470 1334 502 1389 et
518 1328 656 1407 praaiu
677 1326 821 1408 qsrissilri
829 1327 1033 1406 persuadeat,
1044 1326 1216 1389 concilians
1237 1325 1360 1388 eamr:

122 1411 239 1489 „Neruo
261 1412 380 1477 ardeat
399 1431 427 1474 s.
439 1411 687 1492 Scriptararn-
704 1421 817 1475 contra
838 1415 1016 1474 unanimem
1037 1411 1362 1475 commearant·

119 1499 353 1577 interpretari,“
374 1516 420 1561 ss.
444 1498 574 1561 Patrem
596 1501 872 1579 interpretationes
893 1500 1044 1579 mysticas
1066 1517 1124 1560 cerr
1144 1516 1297 1561 normam
1315 1499 1361 1561 in·

121 1585 360 1664 terpretationis
381 1584 553 1647 catholicae
572 1586 792 1665 praescribere
814 1586 980 1647 voluisse?
1000 1620 1043 1631 -
1064 1582 1150 1647 idern
1168 1593 1265 1665 patet

208 1669 246 1745 b)
268 1688 310 1733 ea
332 1674 499 1733 occasione
518 1679 669 1752 proeium
690 1681 721 1734 et
741 1690 782 1733 ea
799 1671 948 1751 partibas
970 1673 1064 1750 levas
1085 1670 1217 1753 ἀσαφῆ.
1264 1669 1362 1734 ecca

121 1756 172 1817 sio
194 1756 264 1834 cias
290 1759 440 1837 proctm
461 1776 525 1821 aon
545 1760 581 1821 in
602 1777 639 1820 co
662 1767 732 1821 crat
760 1760 834 1835 sita,
856 1757 942 1838 qaod
961 1759 1149 1837 interpretes
1169 1756 1213 1818 als
1235 1758 1361 1836 capad-

122 1843 262 1907 tionibus
283 1842 415 1905 Patrurn
436 1847 578 1925 rnpstiois
599 1845 825 1907 discessissent
830 1864 845 1918 ,·
862 1844 921 1905 sed
938 1846 1048 1925 potiris
1069 1843 1103 1905 in
1125 1844 1186 1907 illa
1207 1845 1363 1923 interpra-

122 1929 212 2001 tnpdi
222 1930 366 2008 ratione,
378 1949 443 2010 qao
455 1932 527 2009 ipso
542 1932 598 1993 illo
621 1942 758 2011 ternpore
775 1930 913 2009 theologi
934 1926 1109 1992 acatholici
1124 1937 1190 1991 arar
1212 1931 1363 1992 corana

122 2032 259 2091 samm,
290 2024 356 2080 tam
377 2016 507 2079 Petram
537 2035 595 2081 cerr
627 2020 822 2079 ananiunarn
853 2017 1037 2079 traditionis
1064 2024 1129 2077 tans
1157 2017 1364 2095 anamma

124 2120 218 2181 qaam
240 2104 418 2182 angelicae
435 2106 560 2165 lentiam
583 2106 800 2167 auctoritatem
820 2112 1004 2182 nepaenm
1027 2120 1053 2164 s.
1064 2102 1253 2180 Scripturas
1275 2101 1364 2183 effata

123 2205 201 2249 suae
228 2188 416 2268 prudentiae
445 2188 549 2251 innisi
569 2189 613 2253 ad
635 2208 713 2253 suos
735 2208 859 2265 sams,
888 2189 933 2251 ad
953 2208 1014 2251 srra
1033 2189 1155 2268 placita
1176 2206 1266 2250 nora
1286 2206 1363 2250 corr·

124 2282 269 2354 torquere
303 2284 479 2354 coeperant,
511 2277 559 2336 ali
591 2293 632 2338 ea
652 2276 745 2338 Paali
765 2276 863 2354 Sarpi
891 2274 961 2337 hist.
985 2293 1073 2337 conc.
1098 2272 1182 2336 Trid.
1211 2282 1310 2354 patet,
1336 2281 1365 2335 et

126 2359 211 2439 qnod
234 2362 368 2425 innatant
388 2363 492 2441 ipsias
515 2364 608 2425 etiaar
631 2362 750 2424 decreti
770 2362 889 2425 oerha:
903 2359 972 2439 „Ad
992 2360 1171 2424 coercenda
1189 2358 1365 2439 petulantia

125 2447 396 2526 ingenia-mac
414 2448 604 2527 prudentiae
625 2451 756 2511 iurriasrs
770 2482 811 2495 -
829 2449 873 2509 ad
891 2466 970 2509 suos
992 2465 1107 2509 sensas
1127 2448 1365 2527 contorqaenr‚“

125 2541 231 2613 atpotc
253 2533 366 2614 quibas
395 2536 521 2597 minime
550 2537 709 2615 respicere
733 2536 839 2614 potrrr‘t
858 2552 922 2610 eos,
945 2536 1000 2613 qai
1021 2533 1146 2595 solidas
1167 2534 1365 2614 sohdasqac,

126 2619 231 2681 indole
242 2638 286 2681 ss.
300 2619 452 2682 librorum
467 2621 585 2701 etipsa
600 2622 725 2683 ratione
743 2621 881 2683 dictatos
897 2620 1027 2700 reputas
1038 2628 1204 2699 radentes
1216 2639 1244 2682 s.
1256 2621 1365 2699 Scrip-

127 2712 230 2766 turarn
251 2705 524 2785 historico-lopiac
537 2715 704 2786 exponant,
718 2709 764 2769 ita
776 2716 812 2769 ut
832 2707 995 2769 doctrinae
1012 2725 1051 2768 aa
1073 2707 1184 2767 sensui
1206 2708 1367 2782 ecclcsiae,

126 2808 185 2853 nee
205 2808 271 2854 noa
280 2790 412 2855 Petram
432 2810 491 2855 aea
512 2793 695 2855 traditionis
716 2794 842 2855 testirrru
862 2794 1047 2855 auctoritati
1067 2811 1130 2853 non
1150 2793 1366 2856 adversentur.

170 3079 200 3147 *)
220 3080 359 3149 „Quisquis
383 3085 409 3135 in
429 3084 566 3152 Scripturis
591 3085 659 3137 aliud
684 3087 769 3151 sentit,
797 3102 873 3154 qnam
900 3086 931 3146 is,
974 3085 1000 3134 ui
1025 3082 1136 3151 scripsit,
1153 3080 1205 3134 iliis
1222 3098 1279 3134 non
1298 3096 1366 3132 men·

216 3151 339 3204 tieutihus
363 3152 473 3216 lallituc3
496 3155 545 3206 sed
568 3163 664 3218 tamen,
691 3156 714 3205 si
731 3170 763 3206 es
781 3155 909 3207 sententia
932 3101 1037 3215 aitrus,
1055 3166 1123 3221 qnae
1141 3152 1267 3204 aedificet
1288 3152 1367 3202 chari⁴

215 3227 310 3285 tatem,
330 3238 396 3290 quae
415 3223 471 3273 inuis
499 3226 633 3291 praecepti
654 3232 708 3286 est,
729 3226 761 3275 ita
781 3222 888 3285 fallitur,
914 3225 967 3273 acsi
992 3225 1118 3290 quispiam
1137 3236 1227 3273 errore
1248 3222 1368 3273 deserens

215 3290 285 3341 uam
303 3305 336 3343 eo
355 3300 439 3343 tamen
458 3308 505 3359 per
522 3309 613 3361 agrum
630 3302 730 3361 porget.
749 3309 802 3363 qua
821 3295 897 3343 etiarn
917 3293 958 3343 via
975 3292 1019 3343 iile
1038 3291 1163 3359 perducit
1196 3289 1368 3359 Corrigendus

217 3364 370 3422 esttamen,
395 3369 421 3412 et
439 3376 515 3430 quarn
534 3361 624 3413 'utilius
650 3362 683 3413 sit
704 3362 771 3413 viam
790 3377 841 3412 non
866 3360 999 3424 descrere,
1023 3358 1255 3411 denronstranduur
1277 3369 1324 3423 est,
1341 3371 1369 3408 ne

218 3429 408 3482 consuetudine
425 3428 547 3483 deviandi
565 3433 640 3482 etiam
659 3432 685 3481 in
703 3439 877 3483 transversum
896 3438 922 3481 et
940 3445 1092 3496 perversum
1110 3430 1149 3480 ire
1168 3434 1308 3496 cogatur¹⁶

151 3492 199 3562 ”)
217 3494 337 3549 hauhi
362 3501 389 3550 in
407 3499 536 3552 Genesin:
555 3499 690 3568 „Omnium
706 3502 790 3567 primo
807 3500 950 3562 videamus,
971 3514 1038 3566 quae
1056 3497 1090 3548 ds
1102 3512 1134 3549 ea
1151 3498 1300 3549 secundum
1318 3497 1369 3547 lits·

221 3581 276 3616 rem
301 3567 462 3633 referuntur,
482 3579 508 3621 et
526 3570 690 3638 quaestiones
715 3578 906 3636 proponentes,
926 3583 993 3636 quae
1013 3567 1091 3631 objici
1108 3581 1122 3616 a
1141 3566 1262 3633 pluribus
1281 3567 1368 3622 solent,

220 3637 297 3685 etium
324 3638 468 3690 solutiones
493 3655 580 3690 earum
600 3654 631 3690 cx
649 3638 697 3699 his,
723 3654 790 3706 qnae
818 3646 877 3688 sunt
894 3654 908 3688 a
927 3636 1067 3700 rrrajoribus
1085 3635 1186 3698 hadita,
1206 3637 1371 3703 requiramus.

135 3701 196 3770 Μ)
221 3701 363 3756 Commeat.
381 3708 406 3756 in
426 3722 482 3774 cap.
504 3708 544 3759 12.
563 3708 659 3759 isaiae:
687 3706 828 3773 spiritualis
853 3708 1028 3772 interpretatio
1055 3706 1129 3772 sequi
1154 3703 1236 3755 debet
1260 3703 1370 3755 ordinem

219 3770 350 3836 historiae,
363 3775 433 3842 quod
451 3774 570 3845 plerique
585 3778 736 3845 ignorantes
755 3775 913 3842 iyuqrhruico
931 3777 956 3825 in
967 3774 1103 3841 Scripturis
1121 3782 1263 3824 versantur
1280 3787 1370 3824 errare

167 3843 201 3907 lg)
218 3841 248 3894 lu
266 3855 387 3899 sermone
406 3844 439 3896 de
462 3848 604 3898 tentatione
628 3844 762 3896 Abrahae:
787 3844 1005 3911 „Adrrnouearnns,
1030 3851 1151 3912 quantum
1177 3856 1333 3909 possumus,
1350 3846 1373 3890 et

219 3912 408 3978 praecipimus,
428 3922 470 3979 at,
493 3915 597 3983 quando
616 3915 709 3966 auditis
736 3915 832 3981 exponi
850 3921 1037 3964 sacrsnrenturn
1057 3912 1205 3978 Scripturae
1223 3910 1372 3969 mandantis,

221 3989 377 4049 quaegesta
396 3990 464 4045 suut,
482 3986 552 4050 prius
569 3984 632 4035 illud
651 3983 746 4035 lactum
766 3998 827 4035 essa
845 3983 956 4034 credatis
975 3984 1013 4033 sic
1032 3991 1143 4050 gestum,
1166 3978 1303 4050 quomodo
1321 3980 1373 4029 lec·

220 4058 283 4113 tum,
296 4065 331 4103 ne
349 4050 480 4103 subtracto
499 4052 665 4107 fundamento
683 4055 722 4105 rei
740 4061 829 4125 gastae
848 4053 922 4121 quasi
940 4054 965 4103 ia
983 4059 1045 4103 stre
1063 4051 1194 4119 quaeratis
1212 4045 1373 4100 aedificaret

165 4140 168 4147 ·
224 4117 276 4169 ca.
296 4134 337 4187 ep.
356 4120 398 4172 93.
417 4120 450 4172 ud
468 4120 638 4173 Vincentiuur.

151 4187 203 4253 li)
220 4186 286 4255 ling.
307 4188 350 4240 uh.
368 4189 398 4241 lla
416 4188 485 4242 horn.
503 4191 544 4243 40.
562 4192 589 4242 in
616 4190 769 4243 dominicam
787 4188 817 4242 11.
843 4197 903 4258 post
919 4187 1040 4239 Pontem:
1060 4186 1104 4252 ,in
1121 4184 1253 4259 verbine.
1271 4183 1373 4253 eloquii,

129 4280 153 4295 ··
220 4254 312 4306 haurn
339 4258 496 4325 cheriuuni,
520 4261 591 4327 prius
612 4260 740 4312 cenanda
758 4268 798 4313 est
825 4260 921 4311 veritas
939 4256 1078 4325 historiae,
1102 4255 1271 4322 postmodnm
1290 4254 1374 4321 requi-

221 4323 301 4374 renda
330 4329 468 4393 spiritualis
495 4329 666 4397 intelligentia
687 4328 842 4396 allegoriae.
878 4325 950 4378 Tunc
972 4338 1085 4395 nutuque
1111 4323 1255 4390 allegoriae
1280 4323 1373 4373 iructus

221 4395 335 4445 suaviter
353 4401 459 4463 cupitur,
478 4414 537 4449 cunr
555 4400 625 4466 prius
644 4412 692 4465 per
708 4392 839 4449 historiam
857 4399 883 4448 in
901 4393 1122 4449 veriatis-radice
1140 4392 1293 4444 solidatur.“

134 4456 205 4525 ist)
223 4458 276 4512 Gir.
294 4462 376 4531 Vogi:
394 4466 443 4519 Dio
461 4467 520 4519 hoii.
540 4466 636 4521 schrift
653 4466 778 4533 und‘ihhe
796 4466 999 4533 interpretation·
1011 4462 1093 4515 durch
1111 4463 1155 4515 dis
1173 4462 1216 4515 hh.
1234 4461 1314 4515 Vitat
1331 4459 1375 4511 der

223 4526 326 4599 uras,
344 4549 407 4606 ru·
424 4535 467 4590 ⁸8·
485 4552 562 4607 ress·
605 4590 608 4598 .
