2834 4896
1284 210 1327 275 ts

173 390 212 460 e)
234 401 291 447 eos
313 382 352 446 ad
373 383 551 447 retinendas
572 384 760 448 ludaeorum
794 382 1016 468 expressiones
1041 380 1223 466 religiosas,
1247 400 1327 463 quas

91 488 228 554 nagnam
258 470 500 532 hebraismorum
531 477 648 551 partem
678 471 833 548 efficiunt,
860 488 922 534 non
955 470 1176 552 potuisse-non
1199 469 1326 547 moveri,

90 576 157 620 cum
176 555 288 638 religio
310 555 472 618 christiana
490 556 634 637 judaicae
652 559 790 638 proxime
809 562 1082 638 superstrueretur,
1102 555 1180 635 apud
1191 554 1327 618 ludaeos

86 660 160 705 vero
183 643 329 705 uniones
350 641 515 725 religiosae
532 661 602 706 cum
624 644 760 707 terminis
781 643 936 726 religiosis
949 643 1013 724 jam
1036 641 1205 704 arctissime
1223 646 1329 704 essent

85 727 278 810 complexae.

170 814 253 877 lnde
274 831 352 874 aero
373 813 470 874 umal
490 813 699 894 intellipitur:
823 894 826 899 .

170 903 213 974 α)
235 899 276 962 ln
296 917 444 978 praecam
464 899 502 961 N.
525 899 559 961 T.
583 901 720 981 linpuarn
741 898 939 962 ltebraismos
961 899 1137 975 transiisse,
1161 898 1237 979 quin
1257 916 1329 960 eum

81 985 250 1048 nonnullis
279 985 480 1047 statuendum
501 987 560 1063 sit,
593 996 742 1049 auctores
772 1006 885 1049 sacros
912 1004 1025 1066 praece
1047 984 1216 1047 scribenda
1233 986 1330 1064 prius

82 1071 235 1133 lebraice
266 1069 319 1132 vel
355 1073 515 1133 uramaice
553 1081 653 1135 mente
689 1073 889 1153 concepisse,
922 1089 1001 1153 puae
1034 1072 1191 1133 sententia
1221 1071 1328 1149 utique

81 1155 260 1255 Apostolis‚
270 1154 350 1216 lesu
366 1154 484 1218 Obre'sts'
506 1158 667 1220 doctrinae
687 1156 909 1240 praeconibus,
929 1165 978 1219 est
998 1156 1138 1236 indipna,
1153 1154 1329 1218 conditioni

82 1261 193 1304 eorum
215 1242 359 1303 internae
381 1250 412 1304 ct
432 1251 581 1307 aeternae
614 1245 788 1321 contraria,
810 1244 958 1325 operique
981 1242 1021 1305 ab
1042 1243 1123 1323 ipsis
1142 1240 1328 1321 felicissime

81 1326 226 1409 perfecto
247 1345 455 1407 repereram

169 1414 211 1491 β)
232 1410 440 1476 Hebraismos
472 1414 559 1496 apud
588 1414 685 1477 libere
713 1398 891 1477 scribentes
911 1412 949 1475 N.
971 1412 1005 1475 T.
1027 1419 1177 1476 auctores
1198 1428 1328 1473 nummo

86 1500 258 1578 pauciores
289 1517 476 1577 occurrere,
510 1519 603 1580 quam
635 1503 670 1562 in
704 1499 905 1562 cessionibus
930 1499 963 1562 V
984 1499 1037 1576 lt,
1059 1507 1090 1561 et
1117 1500 1151 1560 in
1179 1497 1329 1559 bellenice

88 1584 223 1647 cessitis
244 1583 284 1646 Ν.
306 1584 341 1647 T.
371 1585 584 1666 scriptoribus
614 1592 674 1662 (ss.
704 1584 797 1648 Paulo
820 1591 852 1648 et
872 1586 992 1649 loanne
1023 1590 1055 1646 et
1084 1584 1116 1645 in
1149 1582 1329 1663 quibusdam

85 1669 223 1750 partibus
247 1669 429 1751 scriptorum
451 1688 476 1733 s.
498 1671 618 1746 Lucae)
640 1673 751 1736 rarius
773 1673 919 1750 inveniri,
943 1688 1035 1753 quam
1057 1670 1092 1731 in
1107 1668 1328 1733 Palaestinen-

84 1756 174 1817 sibus
206 1757 336 1836 proprie
371 1757 466 1819 dictis
488 1762 531 1835 (s.
553 1756 697 1821 Matthaei
728 1757 908 1839 interprete,
940 1773 967 1819 s.
996 1754 1113 1833 llarco,
1144 1771 1170 1817 s.
1201 1754 1328 1832 Petro);

86 1842 158 1903 deni
179 1860 222 1903 ue

159 1859 207 2005 qy)
229 1944 296 1988 non
317 1945 425 1990 omnes
446 1929 644 1991 bebraismos
665 1929 779 1991 insciis
800 1927 985 1991 auctoribus
1005 1927 1040 1988 in
1056 1925 1095 1989 N.
1106 1925 1141 1988 T.
1162 1926 1329 2005 miprasse,

84 2012 142 2073 sed
167 2013 284 2092 plures
312 2013 458 2076 consulto
488 2033 558 2077 esse
588 2023 744 2090 retentos,
773 2024 808 2077 ut
829 2024 861 2077 ct
890 2014 949 2075 boc
981 2013 1074 2074 modo
1109 2020 1279 2074 concentus
1301 2030 1327 2073 s.

85 2098 271 2178 Scripturas
303 2101 467 2180 utriusque
500 2102 676 2164 testamenti
708 2119 772 2163 non
793 2102 827 2162 in
847 2099 943 2162 rebar
965 2098 1084 2175 solam,
1113 2097 1226 2159 sedin
1247 2097 1330 2179 ipsis

86 2202 208 2264 quoqne
230 2183 337 2247 oerbis
358 2185 592 2248 observaretur.

170 2268 298 2331 Revera
329 2279 434 2333 autem
468 2271 608 2352 linpaam
628 2270 666 2333 N.
688 2269 723 2335 T.
755 2269 960 2350 bebrainare,
990 2270 1081 2333 docet
1110 2277 1174 2332 tum
1204 2267 1331 2332 babitus

88 2356 155 2432 ejus
177 2364 338 2434 eatenus,
360 2365 425 2420 tum
446 2357 571 2421 indoles
591 2359 725 2421 interna

492 2651 512 2704 l.
532 2652 625 2717 Quoad
652 2543 765 2706 ΝιΙιΝιιθιιι
784 2661 924 2707 externum.

170 2793 314 2875 lineatae
334 2793 373 2857 N.
395 2795 440 2874 Τ.,
461 2804 497 2860 ut
518 2795 695 2876 bebraicae,
715 2796 891 2878 peculiaris
913 2802 962 2859 est

142 2885 182 2957 a)
205 2885 466 2960 repraesentatio,
478 2901 542 2964 pua
556 2901 610 2945 res
627 2884 730 2947 ocutis
751 2884 846 2964 quasi
865 2879 1330 2960 subjiciunturfflnschaulich-

90 2964 189 3042 leit),
179 2986 188 3002 ·
201 2967 284 3030 unde
299 2986 380 3029 usus
398 2971 670 3050 praepositionum
687 2970 757 3031 loco
771 2987 902 3031 casuum
920 2969 1109 3046 simplicium
1124 2986 1308 3046 praeconem
1316 2988 1331 3041 ,·

90 3053 169 3200 pade
193 3055 443 3201 cirpsumstantiis
465 3065 620 3120 scornata
640 3073 746 3117 reram
772 3055 941 3117 delineatio
964 3052 1252 3128 (Umstbndlichkeit
1273 3053 1330 3116 des

117 3138 234 3202 usdruc
271 3144 308 3215 );
330 3158 350 3202 v

171 3228 211 3300 a)
231 3225 391 3329 phrases·
380 3159 610 3305 :gpeopetr’
551 3221 613 3287 ἀπὸ
636 3221 784 3305 reposcitis
806 3222 885 3295 τινός
915 3223 1012 3332 Apoo.
1034 3224 1087 3301 20,
1112 3221 1180 3299 ll.;
1209 3217 1330 3301 ypdpsti

87 3303 136 3368 dia
160 3311 259 3390 χειρός
280 3311 361 3382 τινός
381 3311 450 3375 Aet.
475 3312 526 3391 15,
550 3310 622 3387 23.;
646 3306 754 3383 πάντες
775 3309 836 3372 ἀπὸ
858 3314 967 3389 μικροῦ
989 3307 1043 3379 ἕως
1064 3310 1193 3389 popellos
1213 3308 1330 3391 Act.,8

88 3393 156 3473 10.;
181 3397 232 3455 καὶ
253 3392 368 3459 ἔσται.
423 3399 507 3460 ,καὶ
529 3401 620 3478 ἐκχεῶ
642 3399 711 3461 Act.
733 3398 765 3477 2,
792 3395 841 3459 17
865 3403 897 3459 el
918 3394 1046 3471 similitu

171 3482 213 3562 β)
233 3480 376 3561 formala
396 3486 572 3547 narrandi:
595 3485 683 3544 salt
669 3485 781 3565 ἐγένετο
805 3500 907 3565 saep,

173 3573 209 3646 y)
228 3571 337 3649 posita
355 3572 546 3674 pronomina
557 3571 744 3673 personalia
760 3579 817 3633 aut
837 3566 1084 3631 demonstratioa
1096 3576 1173 3648 post
1185 3566 1331 3648 relatiua,

89 3670 116 3713 v.
141 3671 172 3735 g.
197 3651 296 3733 Apoc
321 3652 372 3732 17,
396 3647 466 3718 9.
447 3677 591 3716 onoo—
617 3652 724 3717 αὐτῶν

141 3738 182 3814 b)
202 3738 408 3821 Simplicitas,
429 3742 493 3804 ime
526 3745 717 3818 monotonia,
740 3758 803 3821 pua
836 3739 935 3819 topice
967 3739 1069 3819 mapis
1102 3740 1331 3817 combinanda,

85 3840 179 3904 quam
211 3825 450 3889 subordinando
481 3829 715 3907 propositiones
745 3834 982 3905 construuntur,
1004 3836 1036 3889 et
1056 3827 1230 3888 sententiae
1252 3843 1330 3887 sen-

84 3911 193 3973 tentiis
216 3911 455 3991 adjunpantar3
477 3913 560 3976 undo
582 3913 672 3975 inN.
695 3913 727 3977 T.
752 3911 925 3993 explicatur

170 3995 499 4076 a)lrequentissimus
532 3994 698 4080 particulae
731 3999 783 4058 uel
805 4003 946 4060 etratus
978 3995 1164 4076 reliquarum
1197 3994 1330 4075 conjun-

86 4080 225 4143 ctionum
246 4100 331 4160 usus,
356 4100 483 4164 quarum
505 4084 640 4165 ipsarum
656 4085 766 4148 Graeci
788 4102 898 4166 magna
921 4082 1058 4166 gaudent
1080 4079 1178 4161 copia,
1203 4097 1263 4160 quo
1287 4080 1329 4157 tit,

86 4173 117 4228 ut
148 4167 253 4315 ιιιιίιᾶ
281 4168 390 4232 horum
423 4171 461 4232 sit
492 4171 650 4253 periodica
672 4177 705 4233 et
725 4169 866 4249 rotanda,
889 4169 940 4233 illa
962 4166 1095 4232 veroN.
1118 4165 1151 4230 T.
1174 4168 1329 4230 membra-

85 4252 137 4315 tim
159 4271 231 4316 nuce
254 4260 304 4329 at;

172 4340 208 4419 β)
230 4300 423 4405 uniformitas
446 4347 617 4424 temporum
639 4340 862 4417 adhibitorum

174 4430 208 4504 y)
231 4443 306 4489 usus
327 4428 429 4492 rarior
451 4428 692 4493 constructionis
715 4425 912 4511 participialia
936 4424 1064 4489 Graecis
1088 4426 1249 4492 admodum
1271 4443 1329 4489 ιι-

88 4509 172 4589 riae;
194 4509 330 4596 denique
1294 4512 1359 4597 ι
