2834 4896
130 187 193 253 tta

117 360 212 420 iidem
241 357 333 419 etiam
352 364 468 436 postea
489 355 539 417 bic
562 354 607 417 ibi
629 357 803 419 orationem
825 373 917 417 suam
939 348 1210 428 similitudinibus,
1238 367 1355 431 quaec

111 445 256 524 judaicis
279 443 479 522 opinionibus
499 450 656 521 potaretur,
668 444 841 517 illustrant,
864 441 1108 517 sententiasque,
1132 440 1301 516 opiniones
1322 456 1355 499 co

116 531 360 593 consuetudines
380 528 576 591 ludaeorum
606 529 770 608 pandunt;
802 527 1002 607 quamobrem
1024 524 1062 586 N.
1085 523 1119 584 T.
1144 523 1219 586 iibri
1241 541 1357 605 quoque

114 618 257 697 fontibus
284 615 427 694 judaicis
448 625 532 677 recte
562 616 819 691 adnumerantur,
848 615 922 691 imo,
943 612 998 673 ubi
1021 621 1072 674 sat
1090 611 1260 690 perspicui
1281 618 1358 686 sunt,

118 704 223 784 quoad
251 709 386 765 aetatem
418 702 566 763 biblicam
586 701 625 763 N.
647 701 693 778 T,
722 709 829 781 utpote
850 720 872 763 u
894 698 1025 762 testibus
1046 699 1175 759 cacerris
1198 706 1231 760 et
1251 698 1358 759 donu-

117 791 209 853 sticis
229 788 376 868 profecti,
399 788 544 850 omnibus
564 788 697 866 reliquis
715 787 929 867 praeferendi.

203 876 234 936 d.
257 875 568 954 Tarqutnim,quippe
591 893 671 952 quae
694 874 782 935 baud
801 893 876 935 raro
893 874 938 935 ad
958 871 1161 950 lonqissimas
1183 869 1359 948 diqrersio·

118 981 187 1037 nes,
200 961 373 1040 praecipue
395 963 543 1041 reliqiosi
563 962 740 1039 arqumenti
761 960 971 1040 abripiuntur,
982 960 1030 1019 ita
1042 966 1078 1019 ut
1091 959 1140 1019 eis
1152 974 1220 1017 non
1232 957 1361 1035 'possint

120 1067 185 1111 non
216 1050 250 1111 in
285 1066 353 1109 rem
392 1056 534 1110 noemam
566 1047 672 1109 inerte
707 1048 881 1126 quaedam,
920 1062 1014 1125 quum
1046 1052 1196 1106 cerciores
1227 1041 1361 1103 babeant

117 1135 269 1197 ludaeos.
311 1132 372 1195 Ast
394 1150 463 1195 cum
493 1150 533 1194 ne
562 1132 807 1213 antiquissimum
839 1132 963 1213 quidem
997 1147 1107 1192 eorum
1128 1130 1209 1191 ultra
1232 1145 1320 1190 saec.
1339 1125 1358 1188 Ι.

119 1239 213 1283 aerae
254 1218 440 1283 christianae
480 1218 643 1297 ascendat,
684 1237 746 1300 quo
786 1226 927 1299 tempore
960 1216 1073 1279 ludaei
1104 1215 1228 1278 ratione
1262 1214 1358 1277 habite

120 1306 362 1369 Christianorum
396 1306 502 1386 plures
535 1305 758 1369 sententiarum
792 1323 918 1369 suarum
950 1304 1201 1380 immutaverunt,
1225 1300 1275 1363 eis
1298 1300 1359 1365 sine

118 1393 269 1475 suffragio
298 1391 435 1539 (rialiorum
467 1392 674 1472 antiquiorum
707 1393 837 1455 sontium
867 1391 1063 1474 judaicorum
1096 1389 1189 1471 plena
1212 1387 1294 1451 tides
1314 1388 1360 1449 vix

123 1486 173 1543 est
194 1479 296 1543 haben
320 1497 348 1540 a.

209 1567 240 1628 5.
261 1564 419 1644 dosepltur
440 1562 570 1627 Flauius
591 1573 623 1627 et
643 1562 746 1628 Pltilo.
792 1563 1127 1645 Utrumquedadoeum
1148 1569 1181 1623 et
1201 1560 1360 1640 Apostolis

121 1652 190 1731 fere
212 1669 362 1713 cooeourn
376 1653 458 1713 inter
476 1652 670 1731 praecipuos
689 1654 849 1732 pertinere
869 1651 985 1730 fontes,
999 1650 1081 1711 unde
1104 1648 1269 1729 ooqitandi
1290 1665 1360 1708 eer-

123 1739 280 1818 tiendique
300 1739 385 1801 ratio
401 1736 537 1815 judaico
557 1740 674 1800 aetatis
696 1739 890 1820 apostolicae
910 1745 1130 1817 coquoseatur,
1142 1744 1235 1815 atque
1260 1742 1361 1797 temen

122 1825 184 1903 fide
207 1825 332 1904 diqnum
353 1822 483 1901 referre,
505 1843 596 1885 nemo
618 1825 774 1888 dubitabit
791 1825 999 1905 perpendens,
1014 1822 1188 1902 dosepbum
1210 1821 1362 1883 sacerdo-

122 1920 185 1974 tem
206 1911 371 1986 eruditam,
383 1917 415 1972 et
426 1919 586 1988 postremo
608 1911 718 1973 ducem
740 1914 900 1974 enercitus
918 1910 1056 1972 Galilaei
1075 1911 1110 1970 in
1131 1906 1216 1969 bello
1231 1908 1360 1986 judaico

119 1998 231 2077 sumre,
247 1998 388 2075 adeoque
399 1995 624 2075 Palaestinam,
648 1998 789 2059 locorum
809 2001 913 2075 eitum,
929 1996 1138 2058 conditionem
1159 2002 1191 2055 et
1209 1994 1362 2073 producto

123 2084 251 2145 illarum
282 2083 462 2162 reqionum,
496 2083 580 2161 leqes
609 2102 648 2145 ac
678 2086 759 2145 ritas
791 2102 922 2160 sacros,
945 2101 1049 2144 mores
1070 2090 1102 2143 et
1123 2080 1362 2143 consuetudinet

122 2170 325 2249 popularium
353 2186 484 2229 suorum
511 2168 608 2247 probe
643 2172 786 2250 coquitas
809 2170 958 2232 babuisse
965 2191 980 2243 ;
998 2176 1167 2248 praeterea
1187 2185 1256 2227 non
1276 2167 1363 2227 modo

123 2255 371 2317 Pbarisaeorum
392 2273 431 2316 ac
452 2253 648 2317 ludaeorum
666 2260 787 2336 placita
809 2277 850 2319 ea
867 2256 1015 2337 professo
1044 2254 1235 2329 describere,
1260 2253 1320 2314 sed
1337 2256 1364 2312 et

122 2343 276 2421 inteqram
297 2342 398 2421 pontis
414 2342 567 2419 judaicae
589 2344 755 2405 historiam
776 2345 823 2405 ita
845 2343 1000 2420 exbibete,
1023 2347 1068 2416 ut,
1085 2339 1242 2421 quomodo
1255 2339 1363 2401 tudun

124 2429 270 2491 disemos
292 2436 422 2490 euentus
444 2430 664 2507 spectaverint,
686 2449 727 2492 ea
749 2432 819 2509 ejus
841 2429 1025 2490 narratione
1043 2434 1176 2510 pateat5
1208 2425 1364 2488 Pbilanem

124 2532 201 2579 nero
223 2516 258 2576 in
279 2515 502 2593 apoloqetiois,
536 2515 722 2594 doqmoticis
744 2526 775 2578 et
796 2515 971 2577 moralibus
1003 2515 1144 2576 materiis
1172 2514 1221 2574 ati
1243 2520 1364 2574 nostrat

125 2602 261 2665 uersari.
283 2635 326 2645 —
353 2598 465 2661 Verum
485 2603 556 2662 licet
577 2603 656 2663 baec
677 2604 712 2664 iu
732 2620 846 2682 penore
870 2604 916 2664 ita
937 2619 972 2662 se
994 2598 1245 2674 babeant,oalde
1268 2608 1365 2661 tunm

126 2694 266 2762 erraret,
295 2687 349 2766 qui
381 2687 484 2748 eisin
506 2688 650 2750 ominbus
682 2690 878 2768 sinqulisque
904 2686 1051 2767 partibus
1069 2686 1197 2764 plenam
1218 2684 1365 2746 tribueret

124 2774 237 2852 fidem;
255 2780 478 2851 praeterquam
500 2775 582 2835 enim
603 2775 689 2854 quod
708 2774 870 2855 dosepbus
891 2774 936 2835 od
955 2772 1255 2849 Palaestinensium,
1280 2770 1365 2832 Pbilo

126 2877 202 2923 oero
233 2858 277 2920 ad
296 2857 519 2938 Aeqqptiorum
548 2860 742 2923 Judaeoram
775 2861 936 2941 copitandi
966 2858 1180 2938 sentiendique
1212 2860 1365 2920 rationem

127 2945 376 3026 coquoscendam
397 2948 497 3024 maqis
520 2947 662 3025 inseruit,
681 2950 822 3028 priorem
842 2954 1017 3026 suspectum
1039 2945 1143 3007 reddit
1163 2962 1229 3007 non
1251 2953 1365 3007 tanum

124 3035 265 3113 partium
295 3032 449 3109 studium,
480 3050 541 3113 quo
575 3034 688 3098 ductus
719 3053 783 3115 qna
803 3035 997 3097 Pbarieaeus
1020 3051 1141 3094 ontnem
1162 3039 1272 3095 sectae
1294 3046 1365 3092 raon

127 3119 337 3181 conditionem
359 3118 533 3197 boniqnius,
548 3120 637 3182 illam
657 3140 733 3185 cero
745 3122 1003 3185 Sadducaeorum
1024 3118 1172 3183 acerbius
1192 3117 1266 3196 fors
1288 3116 1366 3179 deli-

129 3207 256 3279 neacit;
285 3204 344 3266 sed
376 3206 470 3267 etiam
503 3216 653 3282 conatus,
682 3226 772 3287 quem
801 3226 836 3269 se
869 3205 1078 3269 adhibituram
1099 3223 1170 3267 esse
1193 3206 1227 3266 in
1247 3203 1365 3284 poimio

128 3290 354 3372 Antiquitatum
388 3292 517 3353 disertis
550 3293 655 3355 uerbis
688 3294 826 3370 indicat,
858 3301 973 3356 cuncta
994 3293 1040 3354 ita
1062 3291 1274 3370 describendi,
1296 3296 1365 3351 uto

130 3376 262 3439 Graecis
283 3378 495 3458 Romanisque
517 3380 585 3441 sine
609 3382 694 3441 omni
716 3378 886 3460 offensione
909 3380 969 3458 leqi
988 3385 1128 3457 possent.
1168 3377 1367 3457 Propositum

129 3464 216 3525 istud
236 3466 269 3525 in
291 3466 460 3526 monimum
481 3466 626 3529 ueritatis
655 3467 871 3529 detrimentum
901 3464 1024 3546 effectui
1045 3483 1115 3527 esse
1136 3464 1255 3542 datum,
1277 3462 1367 3544 pluro

130 3549 202 3611 loca
224 3549 447 3613 demonstrant.
493 3551 543 3615 Sic
565 3571 595 3615 v.
618 3570 649 3634 g.
672 3550 776 3634 Antiq.
799 3553 831 3631 2,
858 3552 908 3615 16.
931 3554 962 3614 5.
987 3552 1145 3613 transitum
1156 3549 1367 3613 Hebraeorum

130 3653 187 3717 per
209 3653 294 3697 ruere
316 3636 441 3698 rubrum
464 3644 623 3718 comparat
645 3656 714 3701 oum
736 3640 865 3701 transitu
889 3638 1044 3701 exercituo
1067 3635 1240 3699 Alexandri
1255 3635 1295 3699 Μ.
1317 3649 1368 3714 per

129 3739 217 3785 mare
251 3721 465 3800 pamphilicum
488 3723 544 3800 *);
577 3724 651 3807 ibid.
682 3723 713 3802 3,
737 3726 767 3803 5,
791 3726 821 3789 2.
852 3732 923 3806 post
956 3723 1112 3804 descripta
1148 3722 1370 3803 phaenomena,

129 3814 269 3888 tempore
292 3807 495 3889 legislationis
514 3813 545 3872 in
562 3818 665 3874 monte
678 3812 760 3876 Sinai
783 3812 962 3892 conspicua,
975 3811 1052 3872 haee
1075 3808 1231 3891 adjungit:
1252 3807 1369 3888 ,Atque

168 4038 320 4107 ⁴)1atego
348 4036 453 4106 quidem
477 4047 554 4104 prout
580 4043 661 4093 sacris
679 4039 794 4093 inlibris
821 4040 944 4109 scriptum
971 4036 1149 4106 reperiebam,
1169 4037 1262 4088 horum
1280 4052 1372 4109 unum-

217 4108 341 4177 quodque
359 4108 500 4159 memoriae
517 4108 626 4174 prodidi.
661 4110 743 4162 Nemo
767 4124 832 4162 vero
861 4111 1034 4163 narrationem
1052 4116 1080 4159 ut
1096 4106 1280 4159 incredibilem
1298 4108 1375 4157 mire·

215 4186 266 4240 tur,
292 4178 314 4228 ei
341 4177 439 4245 antiqui
464 4175 583 4229 homines
602 4188 628 4230 et
646 4179 757 4232 malitiae
782 4188 901 4247 expertes
919 4180 946 4231 in
964 4179 1040 4229 maris
1059 4178 1172 4228 scissura
1190 4178 1260 4227 viam
1280 4174 1313 4227 ad
1332 4190 1375 4225 aa·

216 4245 297 4298 tutem
315 4245 471 4310 invenerint,
490 4246 606 4298 siveDei
622 4248 757 4301 voluntate
774 4250 831 4300 sive
849 4256 943 4317 sponte
961 4256 1077 4311 naturae,
1107 4244 1304 4313 nandoquidem
1322 4243 1377 4294 heri

217 4323 245 4366 et
261 4313 449 4367 nudiustertius
467 4317 507 4381 iis,
527 4318 570 4385 qui
589 4316 637 4369 sub
657 4317 736 4370 ductu
756 4325 829 4368 erant
845 4316 994 4383 Alexandri,
1009 4262 1179 4367 Macedoniae
1197 4314 1280 4383 rogis,
1299 4313 1393 4364 cossit‘

217 4382 384 4504 Bamphilium
408 4400 478 4436 mare
497 4394 523 4436 et
541 4386 616 4439 aliam
640 4388 707 4439 viam
735 4402 788 4438 non
814 4384 968 4438 habentibus
993 4384 1052 4437 illae
1079 4386 1128 4436 iter
1154 4385 1270 4451 aperuit,
1300 4397 1378 4450 quum

243 4468 290 4503 oue
308 4451 444 4505 Persarum
461 4455 595 4523 imperium
615 4464 734 4508 evertere
753 4455 921 4506 decrevisset.
956 4454 1042 4523 Atque
1060 4453 1112 4504 hoc
1131 4468 1222 4503 ornnes
1241 4459 1379 4511 testantur,

218 4522 264 4642 {pipi
281 4520 421 4642 Aibx‘mdbi
435 4538 481 4640 tres
506 4534 593 4592 gestae
620 4528 722 4594 seriptis
746 4524 907 4579 mandarunt.
942 4522 976 4577 At
1003 4524 1071 4575 enim
1095 4521 1129 4573 do
1146 4520 1186 4573 bis
1211 4523 1335 4591 quisquc,
1355 4528 1382 4572 ut

229 4606 451 4651 rucrr,een1a.

857 4688 936 4749 ι,
