2834 4896
1263 200 1324 269 149

86 378 129 440 tis
149 373 243 437 ideae
263 393 329 436 non
350 376 523 453 artificiose
543 376 666 454 quidem
689 377 861 455 dispositae
885 386 968 452 sunt,
991 377 1084 439 modo
1107 387 1210 439 tamen
1232 387 1329 439 natu-

85 465 151 524 sali
174 471 206 523 et
227 462 348 541 lepidus
367 463 602 541 pspcholopieis
634 464 840 542 respondente
870 464 1054 543 procedunt,
1078 471 1110 525 ut
1132 465 1163 525 in
1186 484 1234 545 ep.
1258 464 1280 525 l.
1304 480 1329 525 s.

87 549 169 611 Petri
191 553 224 609 et
244 548 278 608 iu
297 548 349 609 illu
372 566 397 609 s.
419 548 537 610 lueobi.
581 548 722 628 Denique

174 654 206 716 4.
229 656 343 718 intuitu
363 658 537 736 fipnraram
559 657 801 731 societatinuia
823 662 941 717 tantam
963 656 1105 734 reperies
1118 656 1153 716 in
1172 655 1329 735 profano-

86 760 157 803 rum
191 740 358 820 aperihas,
394 754 511 822 quanta
543 744 576 804 in
599 743 707 804 codiee
741 760 835 801 suero
869 743 1045 812 incenit-nm
1075 744 1137 802 imo
1160 744 1244 821 qnod
1265 740 1331 801 iilis

87 828 184 903 deest,
208 846 268 907 per
288 828 442 908 inteprnm
468 828 500 890 V.
525 837 556 891 et
576 828 614 890 N.
640 828 670 889 t.
695 829 869 907 dispersam
900 828 1152 905 deprehenditur,
1186 830 1331 889 nimirum

85 931 238 993 pnomae,
272 915 293 973 i.
317 933 342 975 e.
366 918 537 977 sententiae
556 922 798 995 praeputium,
828 916 1034 994 paucissimis
1066 914 1172 975 uerbis
1204 914 1332 975 muitum

86 999 400 1078 comprehendentes,
433 1020 533 1080 porro
562 1002 802 1082 parallelismus
835 999 1039 1060 membrorum
1072 1000 1273 1079 multiformis
1302 1008 1333 1062 et

84 1084 279 1165 parabolae,
309 1105 389 1167 qnae
422 1090 592 1168 praecipue
622 1090 655 1148 in
676 1085 713 1147 N.
737 1084 771 1146 t.
795 1087 877 1146 inter
909 1086 1033 1146 dicendi
1064 1089 1188 1147 modum
1217 1096 1331 1166 poetae

86 1170 253 1253 sublimem
275 1180 307 1233 et
325 1173 507 1253 philosophi
538 1173 730 1235 abstractum
751 1171 854 1233 mediti
876 1173 928 1232 uid
949 1172 1137 1248 incedentes,
1161 1175 1330 1251 imopinnm

86 1258 292 1335 simplicitate
313 1278 378 1321 non
400 1262 512 1336 minus,
536 1278 629 1340 qnam
651 1258 793 1320 idearum
816 1256 1005 1319 sublimitate
1028 1258 1193 1335 excellunt,
1210 1267 1240 1320 et
1250 1277 1331 1338 per-

84 1343 296 1422 fectissimum
316 1345 492 1425 popularis,
507 1346 640 1407 docendi
661 1346 796 1421 rationis
817 1342 895 1404 lesu
918 1343 1078 1423 ecstnplar
1098 1344 1330 1423 permanebant.

87 1464 127 1475 -
151 1426 310 1515 Proiecto,
344 1431 371 1493 si
394 1428 505 1493 Plinius
539 1433 678 1513 cognitus
712 1428 869 1491 habuisset
902 1428 996 1492 libros
1026 1434 1149 1493 nostros
1173 1448 1331 1506 sacrans

89 1515 217 1594 partium
234 1515 343 1576 studio
368 1516 485 1579 ulienus
509 1518 561 1579 vix
584 1517 762 1599 scripsisset
785 1513 959 1596 ep.3,13.:
980 1516 1139 1594 ,Invenire
1162 1517 1332 1598 prueclure,

91 1600 249 1677 enuntiare
271 1602 435 1684 magnifice
456 1603 608 1666 interdum
632 1604 722 1665 etism
755 1602 875 1663 hurbari
897 1602 1017 1681 solent3
1053 1602 1219 1687 disponere
1250 1609 1331 1683 epte,

86 1685 223 1770 figurare
245 1688 330 1750 varie
352 1689 411 1751 uisi
434 1690 560 1752 eruditis
583 1697 728 1774 uegetum
747 1689 829 1750 est!

522 1930 561 1993 tt.
584 1930 631 1993 ue
654 1933 754 2010 nopes
777 1892 902 1992 steten
935 1954 938 1958 ·

505 2067 539 2143 l)
579 2069 609 2130 in
650 2069 778 2151 siugulis
818 2066 927 2131 dictis:

656 2289 687 2357 §.
710 2284 762 2346 86.

586 2422 618 2484 α)
638 2418 839 2489 cognoscendis.

173 2560 227 2624 Ad
248 2581 375 2624 sensum
399 2563 553 2642 loquentis
580 2566 830 2643 eopnoscendnm
861 2566 973 2625 summi
994 2564 1140 2625 momenti
1163 2554 1211 2624 est
1232 2580 1331 2642 qnae-

85 2650 168 2725 stio,
202 2668 275 2710 num
309 2652 531 2727 expressiones
565 2652 708 2729 sinpnlae
739 2653 869 2730 proprie
898 2670 940 2711 aa
963 2655 1081 2728 tropice
1111 2649 1330 2728 intellipendue

86 2736 171 2808 sinn
193 2754 268 2798 nasu
289 2738 357 2797 sice
381 2736 451 2812 hoc,
473 2739 540 2797 siue
562 2734 644 2797 illud
663 2756 829 2818 perperam
852 2744 1020 2812 stat-natur,
1043 2757 1064 2797 a
1086 2739 1216 2798 ueritate
1240 2736 1331 2813 lonpe

87 2820 265 2883 uherratnr.
309 2821 363 2883 Sic
385 2842 413 2884 o.
430 2841 458 2900 p.
476 2822 631 2883 rahhinici
652 2826 839 2904 interpretes
862 2824 1009 2884 eternales
1032 2826 1099 2884 suis
1119 2822 1331 2901 praejudiciis

88 2910 182 2979 moti,
216 2926 273 2969 aec
302 2926 365 2969 non
398 2910 617 2970 rationalistae
650 2913 841 2973 recentiores
867 2912 940 2987 sais
970 2911 1140 2989 principiis
1173 2908 1332 2985 hepaticis

88 2993 176 3055 ducti
208 2995 432 3056 vaticiniorum
464 2997 692 3057 messiunornm
728 2996 760 3059 V.
795 2997 828 3057 Τ.
864 2997 974 3057 literae
1009 2995 1121 3075 ubique
1158 2993 1330 3068 inhaerent,

88 3079 221 3159 ideoque
244 3083 393 3141 corticem
412 3099 473 3159 pro
496 3083 607 3142 nucleo
630 3082 794 3157 habent,et
810 3101 887 3143 suae
907 3081 1092 3160 prudentiae
1115 3081 1219 3141 innici
1236 3076 1331 3140 Chri-

88 3175 172 3228 stum
195 3170 359 3236 amittuut;
382 3175 494 3228 cantra
516 3176 618 3228 antem
642 3169 699 3229 ulii
723 3170 844 3252 literam
864 3168 959 3247 plane
981 3168 1172 3247 neplipsntes
1194 3174 1332 3227 tenorem

86 3252 218 3327 malem,
248 3254 416 3313 essentiam
439 3270 465 3316 s.
487 3252 672 3331 Scripturas
695 3258 728 3315 in
747 3254 828 3333 falsi
849 3255 1072 3332 spiritantismi
1092 3268 1228 3331 caperes
1249 3269 1332 3312 con-

86 3345 221 3399 certant.
244 3335 290 3399 Ne
313 3357 388 3401 oero
410 3340 625 3401 incertitudini
642 3358 681 3401 ac
703 3341 896 3420 fluctuationi
909 3342 952 3401 sit
972 3340 1158 3415 loeas,neoe
1174 3338 1332 3415 judicium

87 3422 129 3485 ah
153 3423 292 3485 obscura
322 3426 503 3504 interpretis
526 3428 672 3489 sensione
695 3428 883 3505 dependeat,
907 3429 1005 3505 justu
1035 3425 1141 3487 salida
1170 3425 1333 3504 principia

82 3512 245 3573 sentem
267 3518 315 3573 est
333 3510 476 3590 ferenda.

176 3612 360 3675 Generalem
382 3614 462 3675 hanc
489 3622 628 3676 tenemus
651 3616 809 3693 repetam:
831 3613 859 3675 A
878 3615 1013 3694 propria
1033 3632 1146 3676 acuum
1167 3614 1331 3695 sipnificae

84 3699 172 3761 dorm
207 3699 326 3761 tamdiu
360 3719 398 3761 ne
430 3702 582 3776 recedas,
621 3703 769 3780 quamdin
803 3703 995 3763 eontrarium
1028 3719 1093 3763 non
1122 3700 1334 3780 postulaverit

85 3787 264 3847 necessitas
285 3786 337 3848 ccl
357 3788 496 3849 suaserit
517 3789 644 3849 euidens
665 3791 770 3859 ratio;
784 3805 850 3846 nuru
873 3787 1017 3867 propriae
1039 3805 1149 3848 vocum
1171 3784 1331 3867 significu-¹

85 3869 190 3931 tiones
212 3877 286 3933 suut
306 3871 487 3953 primitivae,
522 3874 661 3953 tropicae
683 3880 783 3935 sutem
808 3879 922 3934 tuntum
956 3874 1172 3947 necessarise3
1193 3870 1275 3947 illue,
1297 3875 1331 3941 ut

85 3957 128 4018 itu
153 3955 272 4035 dicum,
300 3957 372 4037 jure
407 3959 615 4039 possessionis
645 3958 798 4020 ordinarie
830 3959 983 4041 gaudent,
1018 3959 1101 4041 quod
1130 3958 1177 4019 his
1208 3954 1330 4019 nonnisi

84 4040 260 4109 ustionibus
281 4042 504 4108 sufficientibus
527 4045 684 4107 vindicare
705 4042 752 4108 ius
776 4051 832 4107 est.
1212 4046 1215 4053 '

175 4144 265 4207 Talis
287 4157 391 4210 antem
412 4150 590 4211 necessitas
611 4157 667 4211 aut
687 4148 816 4211 euidens
838 4150 921 4211 ratio
944 4148 1043 4224 adest,
1054 4148 1085 4210 si
1098 4144 1230 4210 uocibus
1248 4163 1331 4225 pro-

79 4232 156 4313 prie
177 4232 346 4295 intellectis

178 4336 206 4396 t.
230 4337 264 4397 in
285 4337 380 4397 rehns
401 4336 476 4414 fidei
490 4346 520 4397 et
533 4356 653 4397 morum
675 4337 918 4398 christianornm
940 4353 1054 4397 sensns
1073 4334 1219 4414 prodiret
1234 4351 1256 4397 a
1270 4336 1331 4397 dc·

82 4422 193 4483 atina
213 4422 367 4483 ecclesiae
388 4423 564 4483 catholicae
586 4422 772 4498 abhorrens,
796 4442 823 4484 v.
838 4443 869 4504 g.
893 4423 943 4483 tte.
965 4422 996 4499 5,
1019 4422 1072 4486 29.
1094 4419 1147 4483 30.
1171 4420 1223 4501 to,
1246 4421 1276 4484 8.
1299 4421 1329 4483 9.

87 4504 141 4585 19,
167 4504 218 4569 tn.
241 4512 338 4589 Apoc.
361 4508 415 4586 20,
438 4516 468 4572 t.
491 4508 548 4585 ul.;
571 4509 597 4572 si
