2834 4896
90 203 140 276 Ti

90 379 302 443 &munimina
324 378 474 463 gaudens,
505 374 544 443 ad
567 374 857 445 consummationem
880 380 997 442 soeculi
1026 398 1127 462 usque
1154 383 1340 446 conservari

88 468 241 547 potuisset
264 484 359 546 pura:
384 483 527 546 supremo
551 475 654 529 minen
674 467 803 528 Numine
825 466 1057 548 sapientissimis
1087 486 1128 532 ex
1150 471 1257 532 causis
1293 470 1340 531 sic

88 551 271 623 moderante·
291 552 429 614 nonnulli
450 551 669 634 Apostolorum
701 558 733 614 et
755 552 815 614 duo
839 570 879 614 ex
902 554 1062 615 comitibus
1093 572 1202 617 eoram
1235 557 1340 618 serius

86 638 178 700 etiam
202 639 314 719 scripta
338 637 509 716 ediderunt,
533 639 610 718 quin
632 644 733 700 tamen
761 640 861 700 omnia
885 640 1082 702 conscribere
1104 641 1231 719 vellent,
1257 659 1340 722 quac

83 723 144 805 ipsi
166 729 255 789 erant
281 722 393 785 edocti.
454 723 493 786 Ut
525 727 606 786 enim
639 725 739 786 statui
765 733 884 805 posset,
918 743 1030 787 sacros
1060 725 1097 787 Ν.
1120 726 1154 788 T.
1185 737 1342 790 auctores

80 804 337 889 intepram'dssu
358 804 479 872 Christi
498 811 675 873 doctrinam
697 810 802 871 literis
831 812 1017 891 consipuare
1038 813 1191 889 soluisse,
1225 816 1342 876 merito

78 892 302 978 primarius
331 896 385 957 eei
404 897 579 976 eaunpium
601 896 655 957 usi
682 905 886 975 praeceptum
907 896 1034 958 Domini
1054 896 1223 976 Apostoiis
1254 900 1342 962 buna

82 982 119 1042 in
139 981 232 1058 finem
254 981 370 1058 datura,
393 982 444 1043 ael
465 982 577 1043 saltem
600 981 668 1063 tale
684 991 908 1060 arpumentum,
931 1000 1002 1063 pua,
1025 982 1107 1044 iliud
1129 1003 1171 1046 ea
1191 984 1343 1067 Aposto-

85 1066 194 1135 lorum
209 1068 446 1145 bonspimtione
468 1082 544 1129 esse·
560 1066 690 1146 sermm,
721 1076 807 1130 certo
840 1071 1041 1130 evisceretur.
1089 1069 1202 1132 Verum
1225 1089 1342 1151 quem-

84 1149 256 1213 admodum·
269 1152 415 1217 Clrristus
436 1155 507 1232 ipse
527 1152 611 1214 nihii
627 1153 748 1230 scripto
769 1153 904 1234 reliquit,
925 1155 973 1215 ita
994 1161 1026 1214 et
1044 1155 1134 1231 (coli.
1157 1163 1191 1227 p.
1206 1160 1343 1235 praec.)

85 1236 258 1317 Apostolos
273 1240 392 1317 jussas·
409 1256 489 1300 esse*
503 1237 713 1313 conscribere,
747 1255 826 1318 puae
850 1247 941 1301 uarat
961 1239 1074 1316 edocti,
1107 1242 1225 1302 nullibi
1257 1243 1343 1322 lepi-

86 1338 167 1385 mus.
211 1323 316 1403 Neque
338 1323 514 1403 Apostolos
544 1323 589 1385 ad
607 1324 700 1401 finem
729 1325 825 1386 istum
858 1325 1085 1404 assequendum
1118 1329 1343 1407 conspirasse,

84 1409 299 1471 demonstrari
311 1416 420 1488 potest
429 1429 443 1482 ,·
465 1410 662 1472 casuarium
681 1411 792 1490 potius
806 1412 908 1472 elucet
926 1428 968 1472 ea
983 1412 1151 1473 occasione
1175 1422 1207 1476 ei
1228 1433 1343 1494 scopo,

83 1514 125 1556 ee
148 1490 338 1574 arpuuaento·
355 1492 512 1575 etlaiatir
533 1497 674 1574 ipsorum
695 1494 732 1556 N.
749 1495 782 1557 T.
807 1496 968 1573 librorum,
989 1514 1048 1557 nec
1068 1516 1134 1559 non
1156 1517 1172 1560 e
1191 1516 1344 1579 persua-

83 1583 175 1647 sione
199 1581 338 1641 amasam
360 1583 516 1665 ecelesiae
536 1581 675 1642 Patruus.
719 1579 812 1654 Quod

171 1666 222 1739 ai
236 1667 438 1728 occasionem
468 1667 619 1728 librorum
639 1665 678 1728 N.
703 1665 733 1726 T.
757 1668 876 1744 attinet,
899 1667 1072 1746 tricornes,
1106 1677 1143 1747 ut
1171 1666 1343 1748 naeinam,

82 1748 334 1831 pernoscitur
353 1770 482 1815 merum
504 1750 645 1814 codicem
664 1753 868 1835 persolverit,
905 1755 1005 1814 latere
1034 1762 1149 1833 potest,
1181 1754 1345 1835 oripinem

83 1835 198 1898 debers
217 1845 274 1905 aaut
292 1838 512 1916 peculiaribus
531 1840 728 1917 intepueram.
737 1848 882 1901 coetuum
903 1839 1064 1918 adjunctis
1086 1848 1118 1902 et
1138 1842 1343 1921 indipeatiis,

84 1940 165 2003 puae
187 1923 359 2001 specialem
388 1925 617 1986 institutionem
647 1924 889 2000 desiderabant,
920 1924 939 1984 i.
963 1940 991 1984 e.
1013 1924 1064 1985 val
1086 1928 1202 1988 nuntiis
1236 1928 1342 1990 allatis

86 2013 123 2070 at
140 2002 371 2087 qutsdiort'ibus
393 1998 590 2092 propositis}
607 2008 657 2070 rel
680 2015 790 2071 exorto
813 2008 903 2071 statui
934 2007 1126 2087 inordinat03
1157 2013 1208 2074 vel
1243 2032 1342 2076 erro-

87 2093 175 2155 ribus
191 2090 453 2175 ·pullulantibus·;·
476 2094 527 2156 ttel
550 2094 763 2176 grassantibus
787 2095 1025 2169 calamitatibus;
1059 2106 1117 2160 aut
1136 2100 1344 2178 sinpularura

86 2194 297 2260 personarum
310 2182 442 2257 muneri,
464 2178 579 2260 officiis
601 2188 631 2241 et
643 2179 861 2258 relationibus,
884 2197 963 2260 puae
987 2184 1143 2257 specialia
1162 2197 1345 2266 praecepta

87 2272 120 2327 st
139 2260 259 2329 umisa
280 2268 469 2329 necessaria
486 2264 665 2327 reddebant.
689 2264 755 2327 Nisi
776 2284 804 2326 v.
827 2272 857 2347 gr.
879 2266 961 2327 intcr
982 2266 1229 2331 Palaestinenscs
1258 2271 1344 2333 fuis-

87 2350 167 2425 sent,
194 2351 252 2429 ¹pui
273 2344 379 2412 Jesum
401 2351 545 2413 Nessiam
574 2351 757 2430 promissum
787 2369 859 2413 csse
882 2359 1050 2432 negarent3
1082 2355 1140 2415 nisi
1164 2372 1189 2416 s.
1213 2356 1343 2419 lilarous

88 2432 310 2498 a=÷iiluistianis
331 2436 475 2499 Romanis
498 2443 583 2499 esset
611 2443 756 2517 rogatus3
790 2437 849 2498 nisi
872 2437 902 2498 in
925 2437 999 2498 Asia
1022 2440 1131 2500 minori
1165 2440 1204 2502 de
1236 2442 1343 2504 divina

87 2521 165 2584 issa
195 2521 306 2584 Christi
336 2529 444 2585 natura
478 2520 569 2583 dubia
603 2527 710 2583 esseut
740 2528 865 2583 exorta:
897 2521 1095 2604 Evangelium
1127 2542 1151 2587 s.
1179 2526 1342 2607 Matthaei,

89 2606 244 2671 s·.·='hlarci
274 2613 306 2668 ct
336 2624 364 2671 a.
400 2608 528 2670 loannis
559 2605 624 2669 iors
665 2624 819 2687 nunquam
861 2613 946 2669 essct
984 2611 1199 2691 conscriptum.
1253 2612 1343 2676 Idem

88 2691 172 2755 valet
194 2691 233 2753 ds
254 2692 381 2773 reliquis
403 2691 438 2755 N.
461 2693 493 2753 Τ.
515 2692 608 2754 libris.
641 2692 739 2754 Proui
767 2712 842 2754 uera
865 2694 993 2754 occasio
1016 2705 1086 2758 erat
1106 2698 1218 2773 uaria,
1243 2700 1347 2762 itaet

177 2777 214 2853 h)
238 2797 357 2857 scopus
390 2798 435 2840 ss.
466 2778 619 2839 librarum
651 2797 715 2838 non
745 2787 872 2858 poterat
900 2798 964 2840 nan
997 2799 1066 2841 esse
1097 2783 1264 2861 diuersus,
1294 2789 1361 2853 ita,

89 2864 225 2946 puidam,
256 2874 291 2926 ut
312 2865 442 2943 quilibet
472 2863 757 2943 hapiopraphorum
785 2866 914 2925 nonnisi
943 2872 1061 2926 tantum
1090 2876 1121 2928 et
1143 2869 1227 2930 illud
1255 2891 1343 2933 eore-

88 2950 425 3033 sustenementum
447 2957 479 3012 et
499 2950 584 3028 quud
605 2950 648 3010 ad
669 2951 896 3028 assequendum
919 2949 1011 3026 finem
1030 2953 1243 3033 peculiarem,
1268 2961 1344 3019 oir-

88 3037 290 3099 cumstantiis
323 3035 427 3096 obuiis
460 3035 713 3113 respondentem,
754 3036 969 3096 necessarium
1012 3038 1187 3099 uidebatur.
1240 3043 1342 3106 Hisce

83 3121 186 3203 probe
201 3122 372 3200 'perpensis
387 3121 433 3181 'de
456 3121 692 3198 conspiratione
714 3119 752 3181 N.
774 3118 807 3180 T.
831 3129 997 3181 auctorum
1019 3123 1063 3181 ad
1085 3125 1243 3202 intepram
1255 3129 1342 3191 Jesu

87 3205 208 3273 cansa
238 3207 415 3269 doctrinam
448 3206 710 3267 conscribendam
738 3223 841 3266 sermo
872 3223 943 3266 esse
974 3209 1088 3285 nequit.
1132 3209 1213 3272 Eam
1235 3233 1343 3294 porra

94 3293 237 3355 secludit

174 3381 209 3452 c)
232 3385 447 3455 arpumentum
468 3375 505 3436 N.
528 3375 561 3436 T.
586 3376 758 3448 librorura;
780 3394 853 3435 nam
875 3384 910 3437 ut
930 3374 1012 3434 nihii
1032 3375 1176 3441 dicamus
1199 3383 1238 3443 de
1255 3386 1342 3462 plu-

85 3462 177 3526 ribus
190 3462 363 3537 doctrinis,
384 3479 466 3541 puae
488 3463 692 3522 caramaniter
713 3469 937 3539 opnoscuntur,
959 3462 1035 3537 puin
1060 3464 1094 3522 in
1116 3484 1140 3526 s.
1164 3467 1346 3548 Scriptura

86 3544 294 3626 eonsipnatae
317 3548 469 3625 lepontur,
492 3564 521 3607 a.
543 3565 571 3627 p.
604 3546 641 3608 de
664 3542 790 3608 Oenone
812 3564 855 3606 ss.
880 3547 1049 3622 literarum,
1080 3548 1118 3609 de
1153 3552 1205 3613 die
1230 3556 1345 3618 domi-

85 3632 163 3709 n'lcd
184 3632 254 3693 loca
277 3631 404 3694 sabbati
425 3630 626 3708 celebrandi,
649 3632 687 3693 de
703 3626 973 3710 paedabaptisma,
996 3631 1033 3689 de
1053 3635 1165 3696 ualere
1188 3638 1347 3719 baptismi

86 3718 128 3783 ab
150 3716 322 3780 haeruieis
344 3716 455 3779 collati
474 3727 550 3781 eta.-
571 3737 638 3780 noa
658 3717 772 3778 desunt
790 3714 1024 3793 phaenomena,
1052 3735 1132 3796 quae
1155 3741 1229 3784 cuae
1259 3746 1346 3790 eon-

85 3801 321 3884 spiratioueN.
346 3802 566 3866 Tencterum
594 3802 762 3865 conciliari
789 3808 954 3878 nequeunt.
987 3799 1148 3872 Quomodo
1173 3809 1256 3871 cuim
1279 3831 1346 3874 cx-

85 3888 194 3973 plicari
227 3893 352 3968 posset,
388 3888 439 3970 qui
462 3887 575 3951 iactum
598 3889 656 3964 sit,
690 3890 724 3946 ut
745 3884 923 3963 frequenter
945 3895 1108 3947 occurrant
1130 3909 1256 3973 pugnae
1282 3917 1346 3980 ap.

84 3974 260 4057 parentes?
282 3979 317 4035 ut
338 3974 377 4036 da
389 3992 449 4038 una
467 3975 640 4055 eademque
657 3970 782 4033 materia
802 3969 936 4049 pltuibus
959 3971 989 4031 in
1012 3973 1133 4053 scriptis
1152 3975 1208 4039 fiat
1223 3999 1346 4065 serm0,

85 4061 158 4127 dum
199 4056 257 4123 alia
290 4060 388 4124 semel
417 4066 533 4124 tantum
564 4066 596 4121 et
625 4056 729 4138 paucis
763 4055 953 4118 innuuntur?
986 4061 1019 4116 ut
1058 4059 1228 4138 scriptores
1259 4077 1348 4136 sacri

85 4162 149 4208 uon
172 4144 212 4206 ad
233 4144 366 4208 irrvioem
386 4151 575 4229 provocent,
610 4149 662 4204 aut
691 4158 753 4202 non
775 4141 916 4202 obstante
938 4144 1054 4203 summi
1077 4144 1261 4214 sinceritate
1286 4175 1347 4222 sua

86 4232 127 4293 de
150 4230 201 4292 tali
223 4233 452 4314 conspiratione
476 4246 631 4311 nunquam
653 4227 838 4289 mentionem
861 4226 1003 4287 iaciant?
1024 4227 1082 4291 list
1103 4230 1278 4312 Apostolos
1306 4246 1347 4307 ad

88 4316 189 4385 omnia
213 4316 375 4381 scribenda
398 4333 460 4383 non
486 4315 682 4396 conspirasse
690 4359 700 4391 ,
722 4311 895 4373 luculenter
916 4310 1030 4374 docent

175 4400 211 4476 d)
235 4412 349 4483 aperta
376 4420 500 4482 praeque
531 4403 673 4480 ipsorum
695 4417 738 4458 ss.
762 4396 914 4457 librorum
942 4394 1045 4475 effata.
1101 4399 1153 4464 Sic
1176 4422 1202 4464 s.
1226 4407 1347 4478 Paulus

88 4488 119 4550 in
142 4486 176 4550 ll.
200 4488 306 4551 Thess.
329 4489 360 4567 2,
387 4488 426 4549 15
449 4492 570 4555 mouet:
596 4482 754 4565 „l'rutresl
777 4488 856 4545 state
871 4485 1019 4545 almucia
1041 4485 1237 4570 traditiones,
1264 4517 1347 4580 quas
