2834 4896
107 190 174 257 ato

109 368 220 435 dentes
241 366 273 431 in
294 364 452 431 exercitus
474 370 533 427 eto
555 368 719 445 motantur,
741 368 775 430 et
794 365 853 453 lpsi
874 364 945 432 iovi
971 364 1107 446 tonanti,
1138 365 1256 449 optimo
1284 386 1356 434 ma-

107 456 202 534 ximo,
225 454 354 517 deorum
375 450 595 533 hominumque
615 452 705 535 putri,
727 455 809 518 coeli
832 462 864 518 et
884 461 988 519 terrac
1010 452 1154 532 domino,
1177 455 1231 534 qui
1253 460 1357 520 tamen

110 540 174 605 luto
197 541 322 604 exorari
343 539 450 602 nescio
474 538 634 620 subjectus
656 548 926 621 repraesentatum
957 538 1017 620 ipsi
1037 539 1130 622 tovi,
1164 540 1302 623 inquam,
1321 544 1355 607 in

110 645 229 713 genere
252 628 324 689 tolia
346 624 574 702 adtribuuntur,
599 643 680 705 quae
702 624 808 692 iacere
828 630 878 691 vir
898 626 1014 711 probus
1039 627 1260 707 erubesceret,
1294 629 1355 694 imo

110 731 191 797 quae
214 714 331 794 absque
354 711 481 793 pudoris
502 710 645 776 laesione
670 711 733 794 legi
754 715 807 776 vix
827 721 967 795 possunt

197 801 235 879 β)
257 800 413 879 Respecto
437 800 607 877 temporie.-
637 796 707 860 libri
736 801 818 863 sacri
839 800 875 864 V.
898 800 931 863 T.
961 816 1024 879 quo
1054 805 1126 861 sunt
1152 798 1354 880 antiquiores,

111 902 151 949 eo
174 886 319 967 pauciora
342 882 500 947 continent
521 884 667 947 miracula
688 884 867 970 simpliciter
876 887 1074 967 breviterque
1086 884 1252 966 descripta,
1265 904 1356 967 quae,

111 972 140 1035 si
158 990 201 1035 ss.
225 970 401 1035 auctoribus
423 968 589 1053 mythicum
610 970 722 1034 luisset
743 973 887 1054 studium,
909 973 937 1037 si
958 970 1101 1056 genuinis
1124 972 1239 1052 spuria,
1273 974 1355 1035 veris

110 1056 192 1137 dcto,
214 1058 309 1121 certis
331 1056 472 1121 fabulose
493 1056 666 1120 admiscere
687 1059 878 1139 voluissent,
911 1060 945 1123 in
974 1075 1053 1138 opus
1074 1056 1246 1121 immensae
1267 1058 1355 1122 molis

110 1160 299 1209 excrescere
320 1146 511 1228 potuissent,
544 1144 713 1208 acrioribus
747 1153 848 1209 autem
877 1144 1066 1227 temporibus
1098 1142 1186 1226 plura
1208 1144 1357 1209 ndmcula

110 1230 256 1313 leguntur
276 1236 412 1313 patrata,
451 1229 522 1312 quia
544 1247 653 1295 eorum
675 1231 907 1296 ellieicndorum
929 1231 1102 1295 necessitas
1125 1231 1225 1311 major
1246 1236 1279 1292 ct
1299 1250 1356 1294 re-

112 1318 207 1399 petita
230 1316 346 1380 aderat
391 1314 505 1379 contra
528 1323 629 1379 autem
651 1318 784 1399 mythice
806 1320 943 1402 gentium
966 1318 1122 1399 figmenta,
1147 1324 1264 1396 quanto
1285 1324 1357 1380 sunt

110 1404 292 1482 vetustiora,
314 1409 399 1467 tanto
422 1402 632 1483 frequentiora
655 1410 691 1465 et
707 1406 807 1487 magis
818 1406 974 1487 paradoxa
983 1403 1188 1482 reperiuntur,
1211 1404 1356 1483 quoniam

109 1490 330 1573 progrediente
352 1490 533 1571 populomm
555 1488 673 1553 cultura
702 1490 857 1553 bistoricis
887 1492 957 1555 licta
978 1491 1096 1569 rarius,
1128 1495 1160 1551 et
1180 1490 1267 1552 veria
1290 1491 1356 1552 sal-

111 1584 176 1641 tem
199 1576 376 1640 verisimilia
398 1575 589 1656 frequentius
612 1575 845 1656 adjiciebantur.
942 1580 946 1587 '

125 1672 129 1679 '
197 1667 229 1743 γ)
251 1663 383 1726 Ratione
404 1663 497 1741 fiais:
518 1662 665 1725 miracula
687 1664 799 1727 biblica
820 1662 973 1728 babebant
994 1679 1123 1743 scopum
1133 1660 1201 1724 Deo
1222 1660 1353 1744 digoum,

112 1751 381 1814 conservationem
403 1748 525 1811 scilicet
557 1748 774 1812 monotheismi
803 1756 837 1813 et
869 1751 968 1812 cultus
998 1748 1066 1813 veri
1087 1748 1145 1810 Dei
1178 1748 1210 1809 in
1243 1748 1352 1828 populo

111 1835 273 1913 obstinaci,
307 1835 347 1898 ad
368 1834 571 1898 idololatriam
591 1852 691 1914 prono
714 1843 747 1899 et
768 1836 870 1899 cincto
887 1836 1042 1919 gentibus,
1068 1852 1157 1915 quae
1180 1841 1354 1897 commuta-

111 1930 222 1987 verunt
243 1922 403 1985 veritatem
414 1921 472 1983 Dei
494 1920 525 1983 in
547 1920 752 2001 mendacium,
771 1929 804 1985 et
824 1922 988 1985 coluerunt
1010 1929 1042 1985 et
1063 1919 1242 1984 servierunt
1264 1939 1357 1982 crea-

112 2015 200 2072 turae
221 2008 340 2090 potius,
371 2025 462 2089 quam
485 2008 619 2071 creatori
640 2008 743 2083 (Rom.
768 2008 798 2086 1,
821 2010 908 2092 25.);
939 2010 999 2072 imo
1032 2007 1100 2070 veri
1128 2007 1187 2069 Dei
1217 2008 1357 2089 cognitio

113 2112 151 2157 oc
172 2096 333 2158 veneratio
354 2095 386 2157 in
407 2094 522 2176 populo
540 2092 667 2175 judaico
689 2096 808 2177 absque
820 2096 982 2159 eventibus
1001 2093 1265 2158 extraordinariis.
1287 2114 1358 2157 om·

112 2183 281 2264 nipotentia
303 2180 405 2245 divina
428 2180 572 2259 causatis,
594 2198 636 2245 ne
657 2182 878 2267 comprehendi
900 2183 1023 2263 quidem
1046 2187 1078 2244 et
1108 2179 1255 2263 explicari
1277 2198 1356 2262 pos-

114 2275 173 2333 set.
216 2268 275 2331 Ast
295 2265 436 2350 prodigia
458 2266 617 2350 gentilium
640 2267 722 2331 edite
745 2275 916 2347 narramur,
946 2273 981 2330 ιιι
1001 2268 1044 2329 dii
1067 2267 1212 2348 deaeque
1234 2267 1357 2348 cupidi-

112 2355 225 2419 tatibus
248 2356 313 2417 suis
336 2352 478 2417 nefandis
501 2353 728 2433 satisfacerent,
741 2355 858 2418 libidini
880 2372 957 2418 suae
979 2354 1168 2433 obscoenae,
1178 2353 1358 2416 iracundiae

119 2441 245 2505 immani
267 2445 300 2501 et
320 2439 494 2521 zelotypiae
515 2441 597 2521 turpi
617 2441 824 2524 indulgerent.
1203 2446 1206 2453 '

199 2528 234 2604 t)
254 2526 410 2606 Respecto
429 2528 505 2605 fidei
526 2528 680 2591 tributae:
711 2527 866 2591 miraculis
887 2524 923 2589 V.
945 2526 978 2589 T.
1001 2524 1078 2588 fides
1108 2542 1149 2588 eo
1170 2524 1289 2588 firmior
1311 2532 1359 2590 est

113 2611 233 2691 habita,
269 2630 331 2693 quo
364 2614 463 2695 magis
494 2614 624 2696 populus
642 2613 787 2695 judaicus
808 2613 840 2675 in
863 2614 984 2676 cultura
1008 2620 1069 2675 'soa
1094 2612 1270 2674 omnimoda
1294 2619 1359 2676 erat

117 2716 322 2785 progressus3
355 2698 427 2760 binc
460 2698 499 2761 iis
528 2700 560 2761 in
589 2698 727 2763 levorem
756 2700 859 2783 gentis
892 2717 969 2761 suae
991 2699 1117 2781 patratis
1139 2699 1357 2779 sapientissimi

116 2788 251 2870 quique,
285 2790 319 2847 ut
339 2784 424 2847 Philo
447 2783 547 2856 Alere,
571 2785 697 2869 gloriari
719 2804 785 2849 non
812 2785 1057 2862 erubescebant3
1098 2784 1240 2849 ethnicos
1272 2802 1356 2864 vero,

114 2891 211 2939 sensu
233 2871 362 2935 naturali
385 2870 505 2951 ductos,
528 2878 749 2953 portentorum,
773 2890 855 2953 quae
876 2891 893 2935 a
916 2872 975 2935 diis
997 2889 1104 2935 corum
1127 2870 1211 2934 edita
1234 2874 1266 2935 in
1290 2890 1358 2952 my-

113 2960 260 3044 thologiis
282 2958 571 3041 praetendebantur,
581 2959 698 3039 pudere
721 2960 835 3041 coepit,
857 2977 948 3041 quam
969 2959 1098 3042 primum
1109 2959 1227 3020 saniori
1242 2959 1356 3039 iudicio

113 3047 202 3111 locus
226 3052 275 3109 est
296 3045 406 3121 iactus,
429 3046 471 3107 ita
493 3051 527 3106 ut
549 3051 629 3109 teste
652 3046 803 3110 Cicerone
826 3064 889 3109 non
911 3045 1060 3107 deessent
1081 3044 1276 3126 philosophi,
1307 3043 1356 3125 qui

119 3152 157 3197 ea
181 3152 240 3217 ope
263 3130 523 3213 interpretationis
544 3132 744 3215 allegoricae,
766 3131 980 3194 licetbistoria
1001 3140 1205 3214 repugnante,
1230 3132 1357 3210 symbo-

116 3220 194 3284 licas
216 3226 332 3281 tanmm
354 3218 481 3281 aliarum
502 3218 665 3281 veritatum
686 3218 988 3300 repraesentationes
1000 3217 1149 3280 baberent
1170 3223 1356 3280 tractarent·

115 3325 187 3389 que.
233 3305 383 3379 Quantum
407 3321 484 3387 ergo
516 3304 895 3369 discrimen'etbnicorum
917 3310 1059 3386 portenta
1089 3304 1171 3367 inter
1201 3310 1235 3368 et
1255 3321 1300 3368 ss.
1322 3302 1359 3366 V.

117 3394 153 3457 T.
178 3393 323 3456 librorum
346 3390 509 3454 miraculal

202 3479 283 3541 Hinc
305 3480 339 3540 ia
366 3477 397 3539 V.
419 3477 453 3539 T.
484 3496 605 3560 quoque
637 3477 762 3559 mystes
792 3477 998 3558 relinquimus
1027 3477 1092 3554 eia,
1126 3476 1183 3557 qui
1211 3476 1363 3539 mundum

115 3565 179 3629 atta·
200 3566 376 3643 confingere
398 3564 527 3640 molunt,
550 3583 642 3647 quom
663 3583 685 3627 o
706 3563 772 3627 Dee
794 3572 944 3643 erectum,
967 3563 1157 3646 dispositum
1171 3581 1220 3626 uc
1242 3572 1363 3627 metum

116 3668 290 3733 opaoseere
307 3650 354 3726 ι).

158 3922 188 3987 ⁰)
209 3916 260 3970 Gir.
276 3916 420 3970 Holmann:
438 3916 633 3968 llemneneutica
651 3916 715 3968 bibl.
734 3915 801 3968 cntb.
820 3931 881 3984 pag.
894 3916 954 3969 236.
964 3931 1038 3987 seqq.
1055 3915 1143 3969 Bleek
1160 3918 1201 3970 in:
1212 3916 1356 3986 empran-

204 4004 251 4041 aur
269 3987 447 4041 Gaburtsieicr
465 3986 513 4038 dea
530 3987 637 4054 llttnigs.
654 3986 730 4039 bonu
749 3985 825 4039 18³6.

495 4260 986 4323 *w*
