2834 4896
574 400 578 407 '
702 394 734 463 s.
759 386 812 451 tt.
911 410 920 429 ι

524 520 565 576 ΙΙΙ.
583 522 622 577 lle
641 522 792 578 charactere
815 522 954 593 loquentis.

202 683 369 747 character
383 690 431 747 est
447 683 682 765 praedominans
704 685 815 747 mentis
833 690 865 747 et
879 684 1044 749 voluntatis
1060 683 1190 749 directio
1207 684 1355 769 animique

116 772 256 850 affectio,
288 771 338 834 vel
361 791 378 834 a
401 772 502 833 nativa
534 772 652 833 animae
687 770 864 833 facultatum
898 771 1063 853 temperie,
1087 771 1137 834 vel
1160 790 1179 834 e
1202 773 1354 855 principiis

116 859 284 940 acquisitis,
307 857 357 919 vel
380 876 420 919 en
442 859 580 938 utrisque
603 864 679 935 orta,
704 876 762 938 qua
787 857 854 938 quis
877 857 916 918 ad
940 864 1057 921 certum
1090 858 1260 941 cogitandi,
1287 878 1357 922 sen-

116 946 212 1007 tiendi
234 944 408 1027 agendique
432 944 554 1006 modum
575 944 668 1006 variis
691 945 721 1005 itt
746 944 981 1005 circumstantiis
1006 943 1236 1007 determinatur.
1268 944 1357 1009 Prae-

118 1032 277 1095 dominans
307 1031 359 1093 ille
392 1029 512 1093 habitus
546 1049 564 1093 a
595 1030 723 1094 naturali
756 1030 874 1093 animae
910 1030 1085 1092 facultatum
1119 1036 1358 1112 temperamento

119 1125 204 1181 ortus
228 1117 390 1179 character
411 1116 662 1199 psychologicus,
686 1134 778 1177 secus
802 1116 924 1178 moralis
947 1127 1085 1194 vocatur,
1110 1117 1162 1197 qui
1187 1125 1241 1179 aut
1264 1117 1357 1181 honus

119 1211 168 1267 est
189 1209 242 1267 aut
262 1203 370 1280 malus,
394 1203 426 1264 in
448 1203 554 1283 specie
588 1204 740 1285 ingenuus
764 1202 878 1279 (edel),
901 1203 991 1281 mitis,
1024 1202 1175 1280 sincerus,
1200 1210 1255 1266 aut
1277 1222 1360 1268 suunt

119 1289 311 1354 commodum
343 1295 523 1371 computans
546 1290 789 1372 (eigeuntitrig),
824 1290 929 1367 dunis,
961 1296 1106 1352 versutus
1129 1296 1160 1352 et
1182 1290 1360 1371 praeclusdu

121 1376 394 1461 (verschlossen);
427 1374 532 1437 firmus
574 1383 626 1437 aut
666 1375 812 1439 vacillans
847 1374 1028 1451 (instabilis)
1063 1384 1140 1456 eto,
1174 1383 1271 1479 prout
1304 1379 1360 1461 legi

118 1456 225 1526 morali
248 1461 299 1527 vel
320 1461 528 1525 sensualitatis
562 1461 724 1539 dictamini,
758 1463 917 1543 inprimis
948 1463 1111 1525 virtutibus
1140 1464 1191 1525 sui
1222 1463 1361 1548 abnega·

119 1550 230 1626 donis,
263 1548 463 1630 benignitatis
495 1555 527 1610 et
548 1549 753 1628 sinceritatis,
785 1549 838 1610 vel
870 1549 951 1611 vitiis
984 1550 1152 1631 oppositis,
1186 1549 1285 1632 idque
1317 1550 1360 1613 vel

120 1640 300 1701 constanter
320 1635 498 1715 respondet,
521 1634 572 1696 vel
593 1652 649 1698 sec
657 1652 704 1697 us.

205 1737 280 1800 lude
298 1734 361 1819 'jam
383 1737 498 1819 patefit,
533 1736 743 1800 characterem
773 1736 904 1800 hominis
927 1738 959 1799 in
982 1756 1100 1821 genere
1123 1757 1193 1801 cum
1217 1738 1311 1803 dictis
1332 1746 1360 1803 et

120 1823 211 1888 factis
235 1825 301 1906 ejus
324 1824 429 1886 intimo
445 1824 476 1885 in
499 1842 583 1887 nexu
604 1826 736 1906 positum
760 1825 895 1902 esse‚ita
912 1831 946 1885 ut
961 1824 1008 1887 his
1032 1825 1105 1887 nihil
1126 1827 1234 1888 inesse
1258 1827 1361 1909 possit,

121 1911 203 1993 quud
224 1910 269 1973 illi
291 1929 353 1973 noo
375 1911 572 1991 respondeat,
597 1919 628 1973 et
650 1929 689 1974 co
712 1928 774 1974 nun
798 1911 1027 1974 determinetur.
1071 1910 1106 1974 lu
1128 1914 1240 1993 specie
1265 1920 1361 1977 autem

121 2016 139 2062 e
163 1997 344 2060 charactere
366 1996 472 2058 morali
494 1997 711 2079 cognoscitur.

187 2098 250 2164 ·.1
264 2100 357 2163 Retio
388 2118 515 2199 corone,
543 2119 641 2199 'quoe
662 2101 735 2180 quis
761 2100 843 2162 dicit
874 2107 931 2163 cot
961 2102 1034 2181 opit.
1080 2099 1132 2165 Sic
1160 2120 1189 2171 ιι.
1219 2121 1254 2186 g.
1286 2103 1363 2167 varia

121 2187 343 2271 phaenomena,
367 2204 446 2286 quae
468 2186 499 2248 in
520 2187 583 2255 vuta
595 2187 676 2248 Petri
686 2186 745 2265 Ap
771 2193 840 2248 ante
863 2187 1040 2249 missionem
1058 2185 1188 2268 Spiritus
1211 2206 1238 2251 s.
1265 2191 1361 2253 anim-

123 2270 318 2351 advertimus,
352 2273 474 2334 nonnisi
504 2290 544 2334 ex
578 2272 671 2335 animi
702 2273 770 2353 ejus
801 2274 982 2354 vivacitate,
1013 2292 1092 2355 quae
1126 2292 1196 2349 curn
1228 2276 1363 2339 veritatis

124 2376 246 2437 amore,
284 2375 388 2420 rerum
428 2358 608 2422 coelestium
651 2355 806 2420 desiderio
840 2366 873 2421 et
905 2360 995 2422 animi
1030 2359 1164 2424 candore
1187 2363 1364 2444 conjuncta

124 2445 334 2546 characterem
358 2445 425 2525 ejus
450 2446 615 2523 constituit,
637 2444 783 2525 explicari
804 2452 943 2527 possunt.
989 2434 1255 2547 Quemadmodum
1279 2448 1363 2524 enim,

123 2532 176 2614 qui
197 2531 351 2594 viridiori
361 2531 413 2593 illo
436 2531 527 2593 animi
561 2536 809 2630 ιιιιριιιιιιιιιιι
837 2532 992 2611 praeditus
1017 2536 1073 2610 est,
1098 2534 1208 2615 quovis
1232 2534 1364 2617 ςιιιιιιι

125 2625 238 2681 eventu
261 2617 473 2679 vehementius
498 2618 657 2717 excitatur,
682 2624 713 2678 et
735 2618 827 2687 variis
857 2626 1003 2720 repente
1016 2617 1178 2681 affectibus
1203 2620 1362 2703 abripitur.

124 2705 166 2767 ita
190 2710 221 2765 et
235 2700 341 2764 P'e'trus
364 2702 547 2765 miraculosa
569 2703 697 2784 piscium
720 2699 875 2785 captura
864 2705 925 2787 rpsi
939 2708 1099 2768 concessa
1122 2704 1160 2766 ad
1182 2704 1284 2789 pedes
1296 2708 1365 2769 lesu

125 2788 305 2871 provolutus
338 2788 444 2863 dixit:
469 2786 545 2868 ,Exi
568 2806 584 2851 a
607 2807 675 2867 mo,
709 2791 781 2890 quia
812 2789 903 2851 homo
934 2797 1082 2873 peccator
1104 2808 1190 2871 sum,
1212 2790 1360 2857 Ιιοιιιιιιι

126 2876 214 2961 (Luc.
238 2875 268 2954 5,
293 2872 411 2950 ι-·-8);
435 2893 527 2954 porro
551 2875 689 2945 omnium
706 2877 821 2956 primus
844 2893 941 2957 saepe
972 2878 1155 2941 sententiam
1178 2896 1269 2941 suam
1291 2896 1362 2962 pru-

125 2956 195 3025 t'ulit
216 2961 287 3039 (Jo.·
304 2960 334 3040 6,
358 2959 408 3023 68.
429 2962 480 3032 ιιι.
502 2962 556 3041 15,
582 2961 631 3024 15.
657 2960 707 3041 16,
734 2967 782 3029 16.
807 2959 857 3040 19,
881 2960 933 3025 27.
957 2963 1031 3039 al.);
1063 2952 1162 3027 statim
1193 2982 1232 3027 ac
1243 2965 1364 3029 desum

124 3050 254 3117 inmari
286 3044 490 3115 anibulantem
521 3049 684 3130 cognovit,
708 3047 746 3110 ad
770 3066 839 3110 eum
862 3060 955 3131 supra
976 3049 1074 3113 undas
1095 3050 1244 3112 veniendi
1266 3056 1364 3116 votum

124 3130 491 3237 muuifes'tavit,pcriculo
515 3142 616 3206 autem
628 3135 681 3197 vix
699 3132 871 3196 observato
890 3134 929 3200 de
951 3134 1013 3197 vita
1036 3136 1254 3200 conservanda
1277 3136 1363 3201 duot-

125 3222 200 3285 tavit
232 3221 297 3294 (ιιι.
331 3218 387 3298 ι4,
414 3220 464 3284 26.
489 3225 609 3303 seqq.;)
643 3226 805 3302 praeterea
841 3222 957 3283 summa
990 3219 1100 3301 Christi
1133 3220 1344 3287 humilitate
1335 3240 1364 3285 ιι

125 3315 281 3409 stuporem
298 3308 464 3388 conjectus
478 3308 525 3369 ab
549 3326 587 3370 eo
611 3307 669 3369 sibi
692 3305 788 3387 pedes
810 3305 906 3373 lavari
927 3296 1092 3393 recusavit,
1106 3314 1153 3371 ast
1176 3309 1282 3373 audita
1301 3327 1364 3371 ma-

125 3394 214 3477 gistri
235 3394 386 3456 sententid
410 3393 468 3455 sibi
489 3410 553 3455 nou
582 3398 697 3455 tantum
719 3390 828 3483 pedes,
851 3393 908 3456 sed
931 3398 981 3455 et
984 3384 1091 3457 manus
1115 3401 1146 3456 et
1168 3402 1263 3476 caput
1289 3393 1365 3458 ablui

127 3478 328 3556 desideravit;
364 3479 435 3541 dein
463 3480 537 3542 licet
572 3478 775 3541 certissimam
809 3480 1041 3559 persuasionem
1074 3497 1161 3543 suam
1193 3480 1232 3543 de
1259 3480 1366 3544 Christi

128 3564 276 3648 dignitate
299 3564 452 3628 messiane
475 3566 638 3646 divinaque
660 3565 798 3644 repetitis
820 3565 939 3628 vicibus
963 3564 1124 3669 professus
1154 3575 1242 3630 esset
1265 3568 1313 3631 Jo.
1335 3567 1364 3643 6,

126 3651 178 3714 66.
201 3651 251 3713 Μι.
277 3651 326 3729 16,
354 3651 419 3729 16.;
452 3653 526 3716 licet
559 3654 658 3716 serius
686 3652 828 3714 iteratum
851 3650 977 3717 fecisset
999 3654 1201 3736 promissum,
1224 3652 1314 3727 fore,
1337 3657 1366 3714 ut

127 3757 195 3807 cum
229 3737 376 3821 magistro
408 3740 512 3819 potius
538 3726 723 3817 moreretur,
747 3755 843 3821 quam
860 3745 893 3799 ut
916 3756 985 3801 curn
1008 3738 1169 3801 desereret
1192 3746 1245 3801 aut
1268 3740 1366 3801 abne·

127 3829 217 3908 garet
240 3822 306 3901 (lit.
329 3821 382 3900 26,
406 3822 457 3885 33.
479 3824 552 3888 Luc.
574 3826 627 3904 22,
651 3822 702 3886 33.
726 3822 774 3886 ιο.
800 3816 850 3904 13,
873 3821 975 3901 37),
966 3842 1027 3887 rmo
1050 3823 1156 3888 lesum
1180 3824 1368 3888 defendendi

127 3910 228 3974 studio
262 3909 372 3971 ductus
394 3908 531 3988 Malcho,
566 3909 717 3993 pontilicis
748 3926 858 3986 servo,
891 3928 995 3972 aurem
1017 3909 1120 4013 gladio
1154 3910 1368 3974 abscinderet.

126 4003 229 4058 tamen
250 3994 339 4058 brevi
362 3995 490 4075 posthac
511 4002 660 4079 tempore,
674 4015 742 4060 cum
765 3995 933 4078 periculum
952 3997 1040 4059 sibi
1032 3998 1191 4059 imminere
1215 3999 1369 4075 crederet,

129 4080 231 4149 addito
255 4082 346 4145 etiam
364 4082 575 4165 jurejurando,
598 4101 634 4146 ss
657 4082 762 4146 lesum
784 4097 889 4162 nosse,
912 4083 1046 4165 negavit,
1069 4091 1118 4147 ast
1140 4082 1209 4147 solo
1205 4082 1372 4233 mmai

130 4184 164 4230 as
187 4174 258 4230 ectu
279 4174 389 4248 tactus,
413 4167 498 4231 foras
521 4186 669 4251 egressus
692 4186 795 4231 amare
817 4167 903 4231 flevit
924 4168 1014 4245 (Luc.
1033 4170 1086 4249 22,
1102 4169 1181 4247 62).

130 4186 202 4332 dclii,
236 4270 296 4334 quo
319 4254 478 4317 Pharisaei
500 4272 537 4316 ac
564 4254 763 4338 legisperiti'
755 4272 786 4315 m
809 4252 969 4335 Christum,
994 4274 1143 4319 summum
1165 4256 1271 4358 gentis
1295 4272 1371 4320 suae

131 4338 379 4419 benefactorem,
415 4341 678 4423 exardescebant,
711 4340 834 4402 nonnisi
864 4347 927 4403 tum
959 4341 1155 4425 intelligitur,
1187 4343 1214 4406 si
1244 4343 1370 4415 scimus,

129 4424 204 4487 illud
237 4426 390 4489 hominum
418 4446 517 4511 genus
551 4429 672 4511 pietatis
695 4425 831 4525 speciem
854 4445 890 4489 ac
913 4426 1032 4528 famem,
1055 4447 1199 4492 necnon
1223 4431 1372 4491 aestima·

131 4511 246 4577 tionem
269 4521 301 4577 et
322 4512 457 4579 favorem
479 4516 583 4599 populi
605 4511 830 4581 studiosissime
853 4515 1055 4595 quaesivisse.
1079 4514 1153 4579 Cum
1177 4534 1254 4579 vero
1277 4516 1370 4579 lesus
