2834 4896
99 184 166 250 mo

99 362 237 423 inimicis
258 361 328 422 sais
349 359 453 421 dicere
473 360 726 440 poterats„0uis
745 379 785 424 eu
808 359 900 423 cobis
921 370 1034 441 arpuet
1047 379 1095 422 me
1111 362 1150 423 de
1165 362 1335 440 peccato?1

100 447 224 521 (bonan.
248 445 278 521 8,
302 445 389 521 46.),.
405 466 494 528 quem
506 447 602 508 Pater
622 449 765 526 repetitis
787 449 911 508 oicibas
933 447 1109 509 declaravit
1128 467 1209 523 eune,
1225 451 1260 509 in
1282 466 1336 528 quo

98 533 161 594 sibi
182 534 378 611 complacuit,
401 552 491 613 quem
523 535 712 612 clarificavit
733 542 763 595 et
784 536 896 596 iterum
925 535 1160 612 clarificaturus
1184 543 1257 596 erat
1278 534 1337 609 (nn

99 616 130 696 3,
156 617 205 680 17.
232 619 281 695 17,
306 621 335 680 5.
359 626 391 681 ct
413 619 518 700 parali.
548 620 596 681 J0.
632 620 682 695 12,
706 618 785 695 ab),
818 619 964 698 Apostoli
996 638 1117 699 qaoque
1151 629 1248 681 erant
1282 622 1338 682 oiri

98 724 218 768 summo
253 707 350 769 animi
384 707 524 768 candore
555 710 735 785 conspicui,
768 705 864 768 simul
891 724 967 768 acro
1000 707 1150 785 intrepidi
1180 716 1212 768 et
1232 705 1338 786 fortes,

96 795 143 855 ita
164 801 200 853 ut
219 792 374 854 voluntati
403 792 463 854 Dei
492 802 606 854 cancta
639 803 765 855 terrena
795 801 1037 872 postponerent,
1067 802 1103 855 ut
1131 811 1168 854 se
1191 812 1337 874 sciantque

97 880 223 941 oioendi
251 883 405 943 rationem
438 880 578 941 coetibus
614 880 800 942 cbristionis
830 898 941 945 recens
974 878 1117 941 collectis
1151 881 1338 942 imitationis

95 967 269 1045 exemplam
300 985 476 1046 proponere
506 975 655 1047 possent,
691 967 764 1029 licet
796 975 924 1041 contra,
958 966 1109 1046 quidquid
1137 968 1173 1027 in
1196 969 1248 1027 eis
1271 965 1339 1029 boni

96 1060 181 1128 erat,
212 1061 268 1114 aut
299 1056 496 1133 quidcunque
527 1051 695 1132 effecerant
726 1055 848 1133 mapni,
881 1051 1028 1113 nonsibi
1056 1056 1187 1132 suisque
1208 1054 1337 1130 meritis,

96 1139 154 1199 sed
174 1137 233 1201 Dei
254 1142 376 1217 pretias
400 1138 626 1201 adscriberent.
672 1139 847 1218 OaisJam,
876 1139 941 1199 nisi
963 1142 995 1198 in
1017 1141 1105 1201 ciros
1127 1140 1227 1201 bosce
1251 1157 1337 1219 quan

95 1227 230 1287 manime
253 1228 388 1306 iniquus,
412 1244 558 1287 asserere
579 1230 706 1304 poterit,
730 1244 785 1287 eos
820 1225 1001 1287 damnanda
1024 1226 1189 1306 hypocrisi
1213 1235 1337 1287 eatena

92 1311 258 1391 probasse,
270 1332 350 1392 qaae
372 1315 406 1373 in
428 1321 527 1374 ments
551 1312 730 1391 improbare
753 1312 930 1374 debebant?
953 1309 1031 1385 (lais
1053 1314 1123 1373 sine
1145 1314 1337 1391 praoissimo

94 1398 264 1476 impietatis
297 1398 390 1478 calpa
413 1417 468 1458 eos
490 1398 709 1459 adnumerabit
737 1398 862 1459 illoram
884 1398 1043 1459 bominum
1066 1398 1223 1460 lenissimi
1246 1399 1336 1460 animi

93 1493 258 1558 cateruae,
281 1486 335 1564 qai
365 1483 470 1545 solido
498 1484 703 1562 fundamento
739 1485 897 1561 destituti,
931 1486 1016 1544 omni
1046 1494 1138 1546 cento
1174 1484 1335 1546 doctrinae

94 1573 264 1649 apitantar,
287 1580 318 1632 et
336 1570 462 1649 [acoris
483 1573 619 1632 aliorum
641 1572 756 1650 capidi,
780 1572 823 1633 ad
843 1589 957 1633 canam
978 1571 1081 1632 solum
1103 1573 1247 1633 nominis
1268 1573 1334 1651 plo·

92 1659 174 1718 riom
207 1658 397 1736 aspirantes,
431 1666 488 1719 aut
509 1656 600 1719 bonis
623 1667 743 1720 tantam
765 1660 899 1719 terrenis
922 1656 1079 1719 initiantes
1102 1675 1228 1718 omnem
1253 1659 1334 1719 oeri-

93 1744 168 1805 totis
197 1761 323 1805 sensum
351 1751 416 1804 tum
438 1745 472 1804 in
494 1761 547 1817 se,
580 1753 644 1805 tum
665 1747 707 1805 in·
721 1745 796 1805 aliis
829 1746 1010 1822 celinquere
1032 1762 1096 1805 non
1118 1742 1332 1804 erubescunt?

91 1828 195 1909 Loape
212 1832 305 1892 aliter
319 1832 439 1908 pamas
454 1833 619 1911 relipianis
641 1832 835 1892 cbristianac
855 1848 1032 1910 praecones
1045 1830 1150 1908 [aisse
1166 1832 1334 1906 animatos,

92 1914 204 1979 docem
225 1918 357 1996 denique

179 2028 217 2104 d)
240 2031 376 2090 aduerso
399 2048 507 2091 eorum
526 2029 605 2108 sato.
627 2029 663 2092 Si
679 2033 760 2091 anim
782 2029 1069 2090 accommodatione
1084 2028 1128 2089 ad
1146 2026 1258 2106 salsos
1274 2036 1332 2089 tan

89 2113 301 2192 ludaeorum,
335 2124 398 2178 tum
430 2119 590 2194 prutilium
624 2119 788 2196 opiniones
820 2125 1003 2176 cunctorum
1034 2114 1181 2193 tooorem
1216 2115 1279 2176 sibi
1304 2121 1333 2175 et

91 2220 207 2262 causac
240 2221 318 2263 sace
354 2203 526 2264 conciliare
556 2203 766 2279 studuissent,
795 2203 911 2280 procul
939 2202 1034 2262 dubio
1063 2220 1164 2280 aeque
1189 2199 1327 2262 Cbristas

90 2289 158 2367 ipse
178 2301 309 2367 propter
331 2297 524 2350 constantem
547 2290 712 2350 doctrinae
731 2307 809 2349 suae
829 2287 1059 2367 professionem
1082 2296 1204 2349 loretum
1218 2287 1327 2348 Pbari·

35 2430 38 2437 .
89 2392 237 2436 saeorum
260 2395 297 2437 oc
321 2377 570 2463 legisperitorum
593 2376 706 2450 odiam,
730 2383 775 2436 tot
797 2393 905 2436 eorum
932 2375 1068 2435 insidias
1092 2384 1123 2436 et
1144 2374 1329 2449 calumnias,

89 2469 120 2522 et
142 2464 272 2542 denique
301 2465 380 2523 adso
411 2464 651 2540 ipaominiosam
681 2463 787 2522 crucis
821 2461 1009 2540 suppliciam
1040 2460 1204 2537 subiisset,
1237 2478 1329 2539 mque

88 2546 236 2626 Apostoli
264 2549 333 2627 ejus
367 2549 446 2608 talio
478 2548 590 2628 ubique
625 2556 730 2608 essent
750 2549 903 2626 perpessi,
927 2547 1035 2627 qualia
1057 2566 1085 2608 o.
1107 2564 1137 2626 9.
1162 2564 1188 2607 s.
1214 2545 1330 2608 Pontus

89 2641 152 2694 tum
174 2636 207 2694 in
229 2632 354 2695 ludusa
376 2642 407 2696 ct
427 2634 655 2715 Hierosolymis
678 2652 699 2695 a
718 2632 928 2712 popularibus
950 2635 1028 2708 sais,
1044 2642 1107 2694 tam
1130 2635 1164 2693 in
1188 2632 1329 2694 amnibus

85 2716 164 2796 fore,
189 2738 268 2800 quos
291 2719 381 2796 adiit,
409 2722 584 2801 prouinciis
608 2729 638 2782 et
659 2718 789 2781 urbibus
811 2737 833 2781 a
853 2719 987 2781 ludaeis
1014 2729 1044 2781 et
1066 2719 1203 2781 etbnicis
1223 2718 1329 2800 perfe-

88 2807 188 2867 renda
211 2805 326 2868 babuit.

174 2916 296 2993 Quodsi
317 2927 420 2980 tamen
442 2919 492 2980 bis
524 2918 668 2980 omuibus
701 2937 764 2979 noa
797 2917 994 2981 obstantibus
1025 2919 1076 2978 bic
1107 2917 1154 2979 ibi
1175 2919 1327 3000 apnoois-

86 3013 156 3066 sent
176 3007 405 3081 necessitatem,
426 3007 651 3084 propapondae
675 3006 838 3084 relipionis
865 3005 1059 3067 christianae
1080 3006 1189 3084 pratia
1213 3007 1327 3085 imper-

83 3090 234 3170 fectiores
256 3100 286 3152 et
304 3092 408 3170 falsas
442 3094 576 3154 aliorum
608 3092 771 3168 opiniones
802 3091 1020 3171 approbandi:
1048 3108 1109 3170 pro
1143 3089 1325 3165 cbeeractere,

86 3179 222 3256 inpeauo
240 3196 284 3238 aa
304 3197 365 3256 pro
393 3179 453 3255 fine
488 3196 546 3239 suo
580 3179 691 3240 sallem
725 3179 758 3238 ia
791 3180 897 3258 aliquo
921 3178 1073 3239 librorum
1094 3196 1231 3238 suorum
1253 3180 1326 3252 loco,

85 3264 138 3326 oel
158 3265 282 3325 cuidam
308 3263 516 3341 familiarium
546 3267 680 3344 aliquem
704 3264 763 3324 bac
786 3266 824 3325 de
847 3284 882 3324 re
902 3264 1127 3343 praebuissent
1148 3274 1271 3341 nutum,
1291 3281 1324 3325 ne

86 3369 179 3411 secus
201 3351 265 3429 ipsi
286 3353 447 3412 essentia
468 3369 578 3427 causa,
600 3353 630 3412 si
645 3349 821 3412 Christiani
843 3353 1001 3412 tenuiores
1025 3360 1055 3411 et
1076 3367 1233 3413 erroneas
1257 3368 1325 3412 sen-

86 3439 199 3498 tentias
219 3455 279 3515 per
301 3438 617 3499 accommodationem
629 3437 670 3497 ab
683 3437 749 3497 illis
768 3437 923 3517 probatas
945 3454 1053 3498 ceram
1076 3454 1185 3497 coram
1210 3437 1323 3498 doctri-

85 3540 158 3583 nam
180 3523 328 3585 babentes
350 3526 383 3585 in
405 3541 532 3585 errares
565 3525 773 3602 pravissimos
806 3523 1041 3600 delaberentur,
1075 3524 1185 3603 sicque
1218 3523 1323 3602 relipio

85 3607 202 3671 Ciristi
217 3611 287 3685 jam
308 3612 343 3670 in
364 3611 444 3689 ipsis
466 3608 668 3672 incunabulis
691 3611 760 3671 suis
782 3609 951 3687 defoedata
970 3629 1028 3689 per
1050 3611 1189 3670 omnium
1212 3627 1325 3671 saecu-

84 3696 185 3757 loram
219 3695 384 3757 decursum
414 3696 503 3774 falsa
536 3715 607 3757 cum
635 3700 720 3758 ceris
754 3698 890 3757 miscens
922 3703 1174 3775 propoparetur,
1207 3705 1240 3757 et
1270 3694 1325 3756 bac

83 3784 207 3843 ratione
232 3780 339 3842 Patris
361 3785 505 3845 coelestis
528 3784 562 3843 in
582 3784 714 3843 salutern
749 3781 906 3843 borninam
927 3781 1041 3861 Filium
1063 3800 1155 3843 suam
1179 3782 1325 3861 unipeni-

83 3876 147 3930 lam
179 3868 329 3929 mittentis
362 3868 528 3929 consiliam
552 3871 676 3930 irritum
696 3869 800 3945 fieret,
823 3887 863 3930 ac
887 3876 933 3931 tot
955 3868 1097 3929 laborum
1119 3867 1324 3930 euantblato-

81 3974 161 4039 ram,
195 3957 275 4018 tanti
305 3956 470 4034 sampsonis
494 3953 585 4034 effusi
612 3954 737 4032 fructus
759 3971 823 4014 non
845 3963 937 4031 esset,
968 3956 1033 4017 nisi
1066 3963 1253 4028 venenatus,
1277 3953 1326 4033 qui

81 4059 120 4102 ae
144 4044 324 4120 operatione
354 4040 476 4121 onmem
505 4043 685 4102 anatomica
707 4050 737 4102 et
758 4042 896 4101 eboraica
929 4041 1205 4103 rationalistarum
1227 4056 1327 4104 sanas

82 4127 267 4208 saluberque
289 4129 380 4189 reddi
399 4135 516 4207 posset.
542 4126 707 4205 Ejusmodi
727 4136 830 4188 autern
852 4136 946 4189 natus
968 4135 1003 4188 ut
1025 4126 1144 4188 alicubi
1166 4133 1327 4203 occurrat,

81 4221 199 4275 tantum
218 4213 318 4291 abest,
340 4222 375 4276 at
394 4215 501 4293 potius
522 4232 567 4275 ss.
590 4213 628 4274 N.
651 4212 684 4274 F.
708 4220 856 4274 auctores
886 4213 986 4274 claris
1015 4212 1120 4275 oerbis
1143 4222 1326 4275 contesten-

82 4307 143 4374 tur,
155 4318 189 4360 se
211 4302 341 4361 nonnisi
363 4319 403 4362 ea
424 4302 605 4377 tradidisse,
618 4301 656 4360 de
672 4318 803 4379 quoram
825 4301 955 4361 ueritate
969 4298 1032 4360 sibi
1046 4301 1336 4385 persuasissimum,

80 4391 161 4460 mat,
183 4392 214 4445 et
234 4394 350 4448 tanam
372 4386 407 4447 id
428 4389 583 4464 docuisse,
606 4384 691 4466 qaod
712 4388 775 4464 ipsi
795 4393 888 4447 eraat
907 4384 1019 4447 cdocd.
1040 4384 1095 4448 Sic
1150 4411 1154 4425 ·

93 4506 97 4511 “
167 4507 206 4577 a)
227 4523 253 4566 s.
280 4503 398 4565 Paulas
