2834 4896
1237 210 1303 281 111

66 394 69 399 “
98 454 102 461 ,
138 392 178 467 a)
199 397 343 472 repsere
371 386 408 453 N.
441 386 492 453 u:
523 386 587 463 be·
609 389 639 455 1.
667 389 704 455 11.
734 388 932 454 Kistomoitsr
958 397 990 453 et
1018 387 1184 452 masma
1216 386 1297 452 lieo.

55 474 183 639 'mg
202 563 310 645 puoso
339 562 484 643 siopelos
520 562 642 625 libros.-
671 564 777 626 oersio
806 563 1011 645 epistolarum
1040 498 1249 641 pastoralium
1279 576 1303 624 o

54 650 113 720 bs·
134 649 275 713 Murano
286 646 387 727 Moci,
411 650 564 729 epistolae
586 648 803 712 collebroeoa
825 669 846 712 o
868 647 1122 712 Coosodobomb
1144 664 1304 708 comm

53 736 151 799 toriir
186 737 331 811 incomm-
362 736 467 798 versio
500 735 661 819 Evangelii
691 752 716 800 s.
739 735 877 815 loannis,
913 734 1064 817 epistotae
1098 732 1137 795 ad
1164 732 1250 794 Rom.
1272 736 1305 795 et

53 822 147 921 liebr.
160 821 316 891 coniecta
338 820 377 884 ab
398 821 533 885 Henrieo
554 822 631 886 lllee
657 840 754 905 saepe
785 827 921 885 nonest
955 819 1157 903 determinata
1179 824 1212 883 et
1232 818 1304 881 bine

44 909 128 1045 -mde
140 907 424 1059 lffissrfiurgersionor
455 992 636 1059 bohemicus
670 993 821 1059 uocaus
839 993 909 1071 illo,
928 1008 1008 1074 puae
1029 1000 1191 1057 uectorem
1213 989 1306 1054 bobot

53 1080 105 1142 Fr.
131 1074 330 1160 Proeboslro,
354 1089 385 1143 ot
407 1081 499 1159 eujus
521 1098 543 1143 o
561 1079 710 1161 pluribus
731 1098 815 1143 noco
836 1080 932 1143 editio
951 1086 1088 1160 parator
1110 1077 1245 1158 Perseos.

510 1267 548 1332 Β.
572 1288 612 1332 ec
638 1268 857 1333 Aoolbolios's:

142 1403 266 1469 Auctor
296 1406 424 1487 ipssotsts
457 1408 616 1471 versionis
656 1408 776 1470 latim
811 1404 1034 1483 Peotoloccbi,
1070 1404 1145 1468 iibri
1176 1402 1304 1487 Joscoe,

55 1490 208 1573 judicum,
233 1490 385 1554 librorum
406 1512 514 1575 repom
536 1503 567 1557 et
587 1492 625 1555 N.
652 1493 697 1572 T,
721 1510 801 1575 qaae
823 1493 946 1579 prodiit
970 1492 1176 1573 Witteberpoe
1200 1490 1304 1574 1529,

63 1587 91 1641 et
110 1578 150 1641 ob
175 1578 254 1640 abts
273 1578 420 1657 bothero,
443 1580 693 1643 Msioocbtbonio
717 1579 757 1641 ob
780 1580 855 1642 aliis
877 1578 1048 1651 tribuissem

142 1663 354 1727 Sebastianus
382 1664 526 1743 Soborid,
559 1664 841 1748 Argentoratensis,
875 1666 953 1726 intra
982 1662 1027 1727 40
1048 1680 1196 1727 annorum
1229 1678 1305 1745 spa·

59 1751 133 1813 tium
156 1750 351 1812 elucubravit
370 1753 547 1815 versionem
569 1751 691 1813 latinam
711 1750 747 1814 V.
763 1757 796 1813 et
809 1752 844 1813 11.
861 1750 907 1831 T,
930 1766 1011 1831 quae
1033 1756 1106 1832 post
1127 1751 1195 1832 ejus
1218 1767 1306 1812 mor-

58 1843 120 1899 tem
140 1837 294 1917 impressa
317 1843 366 1899 est
389 1837 482 1901 1697.
507 1846 540 1902 et
562 1837 675 1913 1708.;

140 1922 358 1985 &balianus
378 1922 529 2002 Monotes,
560 1922 824 2007 ingolstadiensis,
851 1922 946 1985 libros
977 1938 1084 1984 sacros
1112 1919 1147 1983 in
1169 1920 1304 2004 lingnam

57 2008 135 2070 Latii
158 2026 270 2070 versos
293 2008 417 2088 prodire
440 2009 515 2072 lecit
536 2010 677 2072 basileae
701 2010 794 2073 1525.
817 2010 838 2072 2
860 2008 931 2072 voll
954 2008 987 2070 in
1008 2008 1081 2085 fol.;

144 2091 211 2157 beo
233 2093 397 2172 inchoavit,
408 2096 596 2159 Bibliosder
617 2114 693 2160 vero
711 2104 744 2159 et
761 2095 929 2159 Corradus
940 2096 1122 2158 Pelliconos
1143 2092 1308 2155 finivenmt

58 2198 105 2243 uc
127 2180 241 2243 dictam
264 2182 441 2245 versionem
464 2182 652 2265 ligurinam,
675 2201 755 2264 quae
786 2200 857 2243 cum
878 2181 1009 2264 Vulgata
1032 2188 1064 2244 et
1084 2182 1165 2243 notis
1187 2179 1307 2243 Vatabli

59 2265 225 2331 immutatis
249 2268 420 2347 comparuit
439 2269 565 2332 Parisiis
590 2268 704 2345 1545.;

71 2406 77 2415 .
143 2352 290 2417 Jooonor
321 2352 482 2432 Clericus,
524 2353 687 2435 professor
722 2353 962 2431 Amslelodami,
1005 2350 1242 2435 pentateuchum
1275 2354 1308 2415 et

59 2438 155 2500 libros
191 2438 357 2502 historicos
387 2439 421 2502 V.
446 2441 477 2503 T.
509 2440 541 2503 in
572 2442 698 2504 latinum
729 2440 830 2503 vertit.
852 2438 928 2502 ·Ε(1
958 2436 1179 2501 Amstelodami
1211 2434 1306 2501 1708.

59 2524 143 2587 lnter
172 2525 335 2589 versiones
366 2526 598 2590 recentissimas
631 2527 825 2609 germanicas
855 2524 907 2590 illa
936 2524 972 2587 V.
994 2525 1027 2589 Τ.
1050 2524 1090 2588 ab
1121 2523 1255 2604 seposta·
1276 2531 1308 2585 et

60 2612 98 2673 de
116 2608 234 2689 Weiss,
263 2610 299 2673 Ν.
329 2610 362 2675 ’1.
385 2632 412 2683 a¹
426 2614 592 2677 Moerico
622 2613 750 2691 Preisa,
783 2612 856 2674 dein
887 2610 928 2675 ab
956 2611 994 2675 11.
1023 2610 1061 2674 A.
1090 2610 1172 2673 cett.
1202 2608 1308 2689 Mcper

61 2696 210 2761 adornata
234 2698 347 2759 ceteris
370 2698 574 2779 praeferenda
598 2706 655 2761 est.
699 2699 733 2761 ln
754 2697 889 2761 Sobotts'i
920 2699 1013 2761 latina
1034 2695 1071 2760 N.
1095 2697 1128 2759 Τ.
1150 2696 1306 2773 versione,

60 2783 148 2865 eujus
172 2782 262 2845 tertia
285 2783 378 2847 edilio
401 2784 515 2866 prodiit
539 2783 645 2863 1839,
656 2792 782 2866 praeter
804 2785 863 2846 alia
885 2784 995 2847 menda
1018 2789 1120 2846 lextus
1143 2780 1323 2863 superfluis.

59 2868 168 2933 incisis
200 2868 403 2993 flietenslitur,
436 2870 547 2955 quibus
581 2889 694 2936 sensus
727 2869 932 2953 corrumpitur
964 2871 1085 2955 potius,
1119 2886 1209 2951 quam
1231 2866 1307 2947 illu-

63 2962 180 3019 stratur
222 2959 249 3033 ).
488 2964 494 2973 ·
1297 2956 1300 2962 ’

150 3422 372 3504 Poropiroris
392 3433 442 3488 est
460 3424 599 3504 uberior,
634 3425 785 3489 limitibus
818 3432 923 3488 moseo
952 3421 1109 3486 cretionis
1138 3422 1308 3485 emesam

64 3509 353 3575 meruissemus
375 3515 531 3592 expositio
546 3511 617 3589 aa),
661 3511 696 3574 ln
716 3511 862 3574 versione
885 3510 1002 3590 quous,
1025 3508 1117 3570 etiam
1139 3506 1307 3590 perlectis-

65 3600 158 3675 slma,
181 3614 246 3659 non
265 3605 462 3676 removetur,
484 3599 545 3661 nisi
565 3598 758 3676 obscuritas,
782 3615 862 3678 quae
884 3615 903 3658 e
924 3596 1030 3677 lingua
1051 3594 1217 3677 peregrina
1240 3594 1308 3657 orl·

64 3688 130 3761 ως
151 3681 195 3746 ad
215 3681 414 3748 difficultates
445 3685 598 3766 reliquas,
632 3685 808 3768 quaeipsis
841 3682 930 3746 dictis
952 3682 1073 3760 insunt,
1095 3679 1307 3767 expediendas

101 3916 132 3981 V)
150 3913 295 3967 versiones
312 3914 455 3981 bibliorum
478 3929 611 3967 sacrorum
638 3913 804 3966 elucubratae
827 3911 935 3976 oPlali,
948 3911 1092 3980 .'lubingoe
1116 3910 1191 3961 1629.
1219 3923 1249 3961 se
1268 3924 1309 3976 q.3

149 3982 181 4033 V.
199 3982 228 4033 F.
246 3999 261 4034 a
278 3982 380 4035 loanne
398 3983 464 4066 lieu.
481 3983 786 4065 bliobablislioettingae
806 3982 1002 4043 1769-1783.;
1020 3997 1035 4033 a
1054 3925 1309 4097 G⁹i¹i⁰¹÷¹¹3ffl³9ef’

149 4050 338 4188 {2⁸³3er
350 4050 1218 4197 mnillbabelffxriltffilffinmafflliletxtoznisOnsvafflsliroessstssullsbant,
1228 4086 1307 4167 bodie

150 4202 217 4241 vero
236 4189 372 4242 obsoletae
391 4198 457 4242 sant.
476 4191 555 4242 Lecto
574 4190 724 4257 dignissima
743 4199 809 4253 siant,
824 4205 898 4258 -qnae
916 4189 979 4239 dicit
994 4186 1079 4268 llalou
1097 4188 1138 4249 (m
1156 4199 1254 4251 opere:
1272 4184 1307 4234 La

151 4257 254 4315 lecture
272 4259 312 4311 sle
334 4259 360 4311 lu
384 4262 467 4313 sainte
490 4258 565 4311 Bible
589 4275 622 4313 en
646 4259 742 4327 langue
758 4259 901 4327 vulgaire,
926 4254 1158 4335 bouvem184ti,b
1173 4263 1244 4305 tome
1268 4252 1307 4317 11.,

109 4334 116 4347 ·
153 4326 269 4393 chapitre
287 4326 329 4379 IX.
348 4344 407 4397 pag.
426 4329 485 4380 202.
504 4344 551 4396 seq
571 4365 577 4379 .
596 4342 679 4396 usquc
697 4329 730 4379 a'sl
747 4329 824 4381 linem
843 4328 943 4394 operis)
955 4324 1000 4379 sle
1017 4322 1182 4377 versionibus
1205 4322 1308 4375 biblicus

130 4407 138 4423 ·
153 4394 374 4461 acatholicorum,
393 4400 534 4465 praecipue
553 4344 585 4449 je
603 4396 653 4450 illis
671 4399 803 4451 societatis
821 4396 931 4449 biblicae
948 4393 1126 4447 londinensis.
1154 4462 1169 4473 ..

87 4464 134 4532 ss)
154 4464 219 4535 „Est
232 4465 397 4532 paraphras'n
416 4464 628 4549 nonntranslotio‘,
646 4466 827 4586 “schliberius
846 4463 975 4535 quoddam
994 4470 1170 4514 comnsontarn
1188 4459 1316 4528 perpetui.

150 4548 246 4605 genus,
264 4550 318 4587 non
337 4544 499 4591 commutatis
517 4551 645 4605 personis.
721 4551 827 4588 rasmus.
1115 4601 1154 4665 ¹6
