2834 4896
1246 184 1311 250 tot

152 359 192 436 b)
214 359 319 423 ideam
338 359 529 441 pincipalem
550 361 706 441 ejusmodi
726 361 879 425 sectionis
900 356 1111 436 inoestipoett

150 451 189 522 a)
213 448 359 525 omnium,
393 465 474 528 quae
507 451 678 528 capitatum
706 449 915 528 principalem
936 443 1142 521 circumdant,
1166 444 1311 507 dmtina

67 535 183 598 nonem
205 541 237 595 et
257 534 411 595 rationem
434 534 639 597 determinare
650 555 664 608 ;
686 535 846 598 destima
876 553 952 597 aero
986 540 1060 595 sunt
1080 531 1123 592 ad
1144 537 1313 611 capitatum

65 620 255 701 primarium
276 617 326 680 vel
357 624 392 695 α)
411 622 669 700 praeparandum
691 639 749 682 seu
771 620 1053 694 introducendum
1081 616 1132 677 vet
1153 618 1190 696 β)
1213 617 1313 696 obfir-

67 706 217 769 mandum
248 713 280 767 et
311 705 587 769 &morimundum
596 728 611 782 ,·
642 706 693 768 vel
725 710 757 784 y)
790 705 1069 782 similitudinibus,
1109 703 1313 783 imapinibus,

68 792 223 871 exemplis
253 799 310 852 eta.
340 791 564 855 illustrandum
570 813 585 867 ;
614 792 665 854 vel
693 792 825 873 denique
857 794 889 868 b)
911 800 1025 854 contra
1056 789 1315 852 aduersariorum

68 878 275 956 objectiones,
298 887 411 940 eontra
432 877 530 941 dubia
551 886 582 941 et
603 880 802 958 emptiones
830 880 1037 942 muniendam.
1081 874 1114 938 Si
1135 874 1240 957 plnres
1263 880 1316 937 aut

68 963 235 1045 pauciores
258 962 409 1042 ejusmodi
432 964 588 1027 sectiones
610 964 734 1046 majoris
757 965 808 1028 vel
828 963 954 1028 minoris
976 962 1106 1027 ambitus
1128 978 1202 1025 sese
1222 961 1314 1025 exci-

69 1051 192 1131 pientes
217 1047 320 1110 denuo
344 1047 481 1113 efficiunt
502 1054 611 1127 totum,
634 1056 718 1113 urum
740 1058 790 1115 est

156 1136 197 1210 d)
222 1153 263 1197 ea
283 1135 364 1197 ideis
383 1138 550 1216 primariis
578 1137 774 1216 sinpularum
804 1139 976 1202 sectionum
997 1133 1167 1215 capitatum
1185 1134 1314 1214 prinei-

68 1221 175 1302 palem
207 1222 305 1283 totius
328 1222 402 1285 libri
429 1224 601 1303 iudaeam,
624 1229 657 1286 et
675 1223 861 1297 relationem
894 1224 1087 1305 reliquarum
1107 1221 1250 1283 idearum
1270 1220 1315 1282 ad

69 1309 259 1388 primariam
280 1307 487 1373 determinare
509 1308 557 1386 *).

560 1496 604 1562 ΙΙ.
628 1498 829 1563 cantalene

160 1633 200 1696 In
221 1653 283 1697 usu
305 1643 470 1698 contectus
492 1638 650 1715 enepotico
672 1654 805 1700 careas:

161 1723 189 1783 1.
212 1720 260 1783 Ne
279 1740 339 1801 per
359 1722 528 1800 artificium
550 1722 618 1785 siae
642 1725 796 1801 criticum,
826 1722 893 1784 siae
922 1719 1182 1786 bermeneutiaum
1204 1730 1316 1786 entar-

74 1825 172 1887 queas
194 1826 327 1884 nemum,
356 1807 412 1869 ubi
443 1808 550 1871 nullus
573 1818 631 1872 aut
650 1828 714 1871 non
735 1804 812 1872 talis
834 1808 943 1885 adest,
977 1808 1099 1886 qualem
1122 1809 1317 1887 tibi'imapi-

73 1895 172 1956 naris.
216 1890 392 1972 Artificinm
413 1895 557 1957 criticum
579 1904 643 1957 tum
665 1897 767 1958 lacurn
799 1893 937 1970 baberet,
959 1896 990 1956 si
1011 1895 1167 1974 interpres
1191 1894 1317 1958 lectioni

72 1988 177 2043 tectus
198 1980 336 2042 ecstoorr'
357 1978 464 2058 aliam,
481 1999 498 2042 e
513 1999 601 2043 mera
621 1983 803 2060 conjectura
824 1981 938 2043 critica
961 1982 1123 2061 repetitam
1144 1983 1214 2044 ideo
1236 1977 1316 2043 sub-

73 2068 227 2142 stitueret,
249 2083 310 2146 qua
329 2064 509 2145 planiorem
530 2066 594 2129 sibi
622 2069 766 2130 redderet
793 2086 908 2130 nemum
930 2075 961 2128 et
981 2085 1116 2129 sensum.
1161 2069 1212 2135 Sia
1234 2086 1264 2129 v.
1286 2083 1316 2146 g.

73 2151 138 2215 Act.
153 2144 207 2230 15,
220 2150 335 2215 2029.
358 2151 430 2214 laea
450 2155 505 2230 τῆς
526 2154 665 2231 πορνείας
686 2153 821 2216 nonnulii
843 2153 906 2235 legi
928 2153 1091 2215 voluerunt
1112 2157 1167 2233 τῆς
1188 2152 1317 2235 perpetes

76 2245 108 2315 (a
130 2255 228 2301 carne
250 2236 369 2314 suilla);
392 2238 444 2300 Mt.
470 2238 521 2317 19,
543 2238 596 2303 tt.
618 2239 689 2302 loca
713 2233 904 2318 κάμηλος-
922 2235 1048 2316 κάμιλος
1071 2240 1213 2319 (rudens,
1236 2237 1316 2300 funis

75 2325 242 2398 nnubcus).
285 2323 462 2404 Artifieium
493 2325 754 2389 bermeneuticum
783 2326 932 2390 conastit
962 2326 996 2386 in
1030 2329 1190 2390 sectandis
1212 2325 1316 2405 sipni-

74 2409 276 2490 tentionibus
305 2429 344 2472 ac
377 2413 548 2475 structuris
575 2411 765 2490 rarioribus,
793 2414 845 2475 ael
873 2413 907 2474 in
940 2411 1134 2491 respectibus
1156 2413 1318 2494 enecans,

76 2499 124 2560 oet
146 2500 183 2560 in
206 2497 300 2558 docta
333 2496 516 2560 auctoribus
538 2500 644 2561 sacris
672 2500 838 2578 supposita
859 2497 1041 2574 subtilitate,
1064 2515 1091 2559 v.
1115 2517 1143 2580 g.
1166 2499 1198 2561 in
1219 2495 1318 2579 perti-

78 2583 143 2646 eula
168 2580 217 2643 ira
238 2581 310 2644 toea
333 2583 472 2646 infinitivi
495 2582 561 2661 **).
610 2583 759 2647 Vitiosum
792 2604 862 2653 esse
892 2584 982 2660 illud,
1014 2585 1085 2646 inde
1105 2594 1204 2665 patet,
1225 2584 1320 2665 quod,

78 2670 129 2733 ubi
146 2678 266 2733 tentam
280 2687 409 2732 sacrum
430 2673 714 2751 mutationemque
735 2690 835 2734 nemus
857 2668 1011 2746 turbatur,
1029 2670 1165 2735 subiisse
1184 2672 1320 2752 fundata

78 2758 166 2819 adest
190 2756 351 2837 suspicio,
381 2765 433 2818 sat
454 2758 558 2838 ampla
591 2759 764 2837 pandemus
796 2765 953 2838 apparatu
986 2758 1116 2836 critico,
1149 2759 1240 2837 cnjus
1263 2776 1321 2837 ope

78 2852 184 2907 tentus
207 2844 387 2922 erpincriae
408 2844 540 2923 puritati
559 2845 686 2905 restitui
703 2850 828 2925 potest;
841 2862 939 2925 quare
960 2861 1071 2920 meus,
1093 2862 1110 2906 e
1131 2863 1218 2908 mera
1240 2863 1321 2906 con-

75 2930 203 3008 jectura
224 2929 337 2991 critica
358 2946 528 3008 emerpens,
551 2947 615 2992 non
633 2938 739 3009 potest
758 2949 823 2992 nan
844 2947 914 2991 esse
936 2938 1122 3009 suspectus,·
1142 2929 1321 3011 reproban-

81 3016 153 3078 dum
176 3032 247 3076 esse
269 3014 383 3091 bocce,
416 3015 489 3077 inde
520 3015 636 3084 elucet,
669 3019 743 3097 quia
764 3016 856 3078 nobis
878 3033 931 3077 res
953 3024 1002 3077 est
1023 3033 1093 3077 cum
1114 3015 1322 3098 scriptoribus

82 3102 251 3164 mximam
269 3109 393 3180 partem
414 3100 582 3177 illiteratis,
605 3102 660 3180 qui
688 3103 840 3182 populari
862 3101 986 3164 dicendi
1006 3104 1130 3164 ratione
1152 3105 1205 3165 usi
1222 3102 1323 3182 plana

82 3197 110 3250 et
130 3187 228 3250 obuia
249 3189 350 3250 secuti
371 3195 454 3264 sunt,
477 3198 508 3250 et
527 3188 615 3250 baud
635 3206 721 3265 raro,
744 3208 847 3250 necas
868 3189 985 3250 interni
1006 3188 1170 3266 incuriosi,
1189 3189 1323 3269 sinpulis

83 3276 259 3336 arationum
289 3273 476 3355 frapmentis
508 3274 693 3354 callipontis
727 3277 964 3355 acquieverunt,
987 3273 1040 3335 ael
1060 3274 1179 3337 diversi
1200 3276 1324 3354 peneris

83 3361 236 3423 materias
264 3368 460 3438 mactarunt,
493 3360 662 3440 inquibus
693 3379 767 3440 erpo
798 3360 1004 3441 approbanda
1025 3361 1086 3422 erit
1107 3362 1323 3440 interpretatio

82 3446 147 3525 illa,
170 3462 253 3527 quae
272 3445 426 3524 facilitate
449 3454 510 3508 sua
531 3455 563 3508 et
582 3448 782 3526 simplicitate
804 3466 875 3509 sese
898 3446 1100 3508 commendat.

165 3530 199 3593 2.
221 3528 269 3593 Ne
291 3533 361 3593 sine
382 3534 569 3596 necessitate
591 3541 647 3595 aut
665 3533 760 3613 plane
783 3535 881 3596 inrito
904 3541 989 3595 tectu
1022 3533 1184 3613 quidpiam
1205 3532 1323 3595 addere

83 3626 135 3680 aut
164 3618 313 3697 supplere
336 3616 393 3680 tibi
424 3618 607 3698 indulpeas;
637 3637 711 3681 nam
740 3621 793 3700 qui
821 3616 959 3700 profana
988 3637 1083 3680 manu
1111 3622 1322 3683 reuerentiam

84 3706 189 3766 sacris
211 3703 313 3766 literis
334 3702 470 3766 debitam
491 3706 552 3768 bac
573 3707 697 3768 ratione
721 3706 825 3783 laedit,
848 3724 912 3767 non
933 3723 1060 3766 scemam
1082 3713 1199 3769 tectum
1221 3709 1321 3768 inter-

82 3798 236 3869 pretatur,
249 3784 308 3851 sed
327 3789 424 3852 alium
448 3799 565 3853 tentum
586 3790 650 3854 sibi
670 3791 819 3872 efformet.
866 3791 967 3863 Quare
989 3791 1099 3854 merita
1121 3792 1326 3874 reprobentur

84 3891 107 3937 s.
118 3874 296 3957 scripturae
318 3875 537 3957 perversiones
559 3879 596 3939 ab
619 3877 656 3940 iis
679 3876 789 3957 factae,
813 3877 865 3958 qui
887 3877 1103 3941 miraculorum
1125 3879 1156 3941 in
1178 3896 1219 3941 ss.
1234 3876 1319 3938 libris

84 3969 114 4023 et
134 3961 352 4045 mysteriorum
381 3961 575 4043 impatientes
605 3962 636 4025 in
669 3969 772 4042 textu,
794 3964 867 4026 licet
890 3982 929 4027 eo
962 3965 1124 4044 renitente,
1148 3981 1203 4046 pre
1225 3961 1322 4025 lubitu

119 4237 149 4300 ⁴)
167 4229 226 4284 Hac
244 4233 347 4285 nonnisi
372 4231 483 4353 repetiti
508 4231 657 4299 amentique
674 4230 732 4282 libri
749 4230 863 4284 lectione
881 4231 950 4283 effici
968 4243 1062 4297 posse,
1088 4227 1203 4296 alioquin
1227 4227 1325 4281 clarum

168 4308 218 4354 est.
255 4299 339 4364 Quem
355 4303 382 4353 in
418 4317 477 4353 nem
496 4299 648 4352 adhibeatur
664 4301 751 4352 versio
770 4300 852 4368 probe
872 4298 1001 4362 coniecta,
1019 4306 1063 4349 ant
1089 4305 1173 4350 textus
1193 4298 1324 4366 originalis

169 4371 262 4435 editio,
280 4371 306 4422 in
325 4387 376 4441 que
394 4370 486 4423 divisio
505 4371 531 4423 ia
551 4371 634 4437 capitu
654 4378 680 4423 et
697 4385 789 4422 versus
807 4384 860 4421 nan
878 4371 904 4421 iu
923 4376 992 4422 textu
1010 4368 1078 4434 ipsa,
1097 4367 1143 4419 sed
1165 4369 1192 4419 in
1208 4369 1326 4436 margine

110 4510 153 4576 ⁹¹¹)
170 4447 336 4562 diffudisset
354 4506 490 4565 Grammat.
509 4523 569 4578 pag.
587 4508 647 4561 309.
664 4524 691 4560 n.
708 4508 733 4559 9.
