2834 4896
1270 216 1305 272 ut

65 403 206 506 largior
225 399 294 501 ’Ἲς
335 406 390 476 ast
429 396 639 501 theologiae
671 411 708 479 et
739 402 820 506 ejus
862 396 1084 500 cultoribus,
1123 397 1306 476 ecelesiae

67 524 224 626 ejusque
255 520 425 597 ministris
455 519 616 622 linguam
647 519 837 625 quamdam
867 518 1078 597 modernam
1107 518 1242 622 ubique
1270 527 1307 596 et

64 645 100 720 in
132 639 304 719 omnibus
335 638 545 738 obtrudere,
559 640 687 717 saltem
709 664 754 718 ex
780 649 882 741 parte
899 636 1166 717 catholicorum
1186 660 1307 741 neque

65 762 273 839 necessitas
303 767 426 861 urget,
457 781 529 834 neo
560 758 713 837 evidens
744 758 876 836 utilitas
908 757 1049 835 suadet.

186 878 324 955 Vemm
352 879 540 954 enimvero
580 903 662 956 eum
689 878 764 982 jam
805 887 888 954 ante
919 875 1085 954 Martium
1125 898 1182 953 an.
1214 899 1306 978 our,

61 1021 230 1077 mensem
269 1007 470 1074 memoratu
509 993 785 1099 dignissimum,
828 995 985 1074 libellum
1029 994 1172 1073 huncce
1203 995 1306 1099 prelo

63 1114 351 1197 submittendum
392 1114 619 1216 tradiderim,
656 1142 701 1194 an
733 1140 807 1194 uon
839 1115 915 1193 iors
957 1114 1041 1193 ideo
1072 1113 1306 1216 reponendus

64 1240 135 1316 erit
153 1239 190 1312 in
211 1237 486 1312 armamentario
507 1233 768 1338 obsoletorum,
790 1245 851 1313 aut
872 1233 1095 1339 relegandus
1119 1237 1154 1310 in
1177 1258 1309 1311 aevum

64 1357 316 1460 praeteritum,
336 1376 409 1457 quo
429 1362 465 1430 et
483 1351 660 1458 theologi,
679 1356 756 1459 legi
787 1356 952 1457 morique
983 1365 1167 1458 parentes,
1189 1357 1309 1431 crines

64 1479 102 1553 iu
135 1472 288 1552 caudam
320 1474 495 1551 collectos
528 1473 751 1577 gestabant?
782 1472 865 1553 Nou
897 1474 1087 1551 deluturos
1120 1498 1218 1574 esse,
1247 1475 1308 1576 qui

63 1590 244 1672 novarum
287 1616 410 1670 rerum
454 1597 592 1693 pruritu
623 1595 782 1697 pellecti,
815 1604 852 1671 et
882 1594 1053 1695 omhium,
1086 1617 1180 1698 quae
1212 1594 1312 1669 anti-

64 1716 239 1818 quitatem
270 1692 427 1814 sapiuht,
448 1717 607 1813 pertaesi
629 1713 723 1791 hane
754 1715 970 1791 sententiam
1002 1713 1132 1813 ierant,
1158 1715 1189 1790 si
1213 1722 1312 1789 tem-

64 1855 196 1936 porum
241 1835 348 1934 signa
380 1854 454 1908 non
485 1832 633 1935 iailunt,
666 1836 839 1937 augurari
879 1834 1025 1909 omnino
1056 1832 1164 1933 lieet,
1210 1829 1308 1935 quod

63 1962 187 2031 tamen
225 1975 284 2028 me
325 1972 399 2027 nou
444 1955 561 2056 tangit
604 1963 666 2030 aut
711 1955 834 2056 angit,
877 1975 960 2030 nam
1004 1950 1308 2055 quemadmodum

64 2069 222 2150 verbum
262 2069 423 2146 divinum
455 2081 513 2148 est
544 2097 676 2174 unum,
713 2083 900 2149 aeternum
931 2082 969 2149 et
999 2073 1205 2149 mutationis
1237 2094 1310 2147 ne-

66 2193 185 2269 scium
218 2188 298 2290 (hit.
319 2185 403 2289 -24,
437 2187 546 2291 35.):
568 2194 614 2268 ita
647 2202 684 2269 et
715 2189 891 2268 catholica
923 2192 1004 2294 ejus
1050 2187 1309 2293 interpretandi

66 2311 257 2414 principia,
279 2332 374 2412 quae
398 2310 434 2384 in
467 2333 594 2388 omnes
627 2311 835 2413 disciplinas
867 2308 1095 2412 theologicas
1127 2311 1313 2412 gravissi-

66 2453 166 2506 mum
199 2437 373 2506 exserunt
404 2426 588 2530 influxum,
611 2429 778 2508 omnibus
810 2428 992 2506 hominum
1025 2434 1238 2507 commentis
1270 2452 1313 2504 ae

70 2546 347 2625 delirationibus
399 2551 606 2651 superstitia
659 2550 761 2650 iore,
823 2532 1140 2652 persuasissimum
1195 2559 1316 2627 teneo.

71 2666 307 2767 Libertatem,
339 2668 398 2743 oui
430 2668 488 2745 alii
519 2667 666 2769 inhiant,
699 2666 783 2745 mihi
816 2678 973 2771 quoque¹
992 2667 1153 2769 vindico,
1180 2677 1237 2746 ast
1268 2665 1316 2744 ibi

67 2797 211 2864 tantum
241 2808 393 2890 quaero,
425 2785 487 2863 ubi
519 2798 577 2864 est
606 2791 741 2865 veritas
774 2786 923 2887 (Joann.
939 2785 981 2887 8,
1002 2785 1107 2888 32),
1140 2810 1247 2891 quam
1278 2787 1314 2862 in

79 2908 164 2984 sinu
196 2906 377 2985 ecelesiae
409 2905 607 2986 eatholieae
641 2905 841 3009 depositam
884 2906 1085 2984 mortalium
1116 2905 1243 2985 studiis
1275 2929 1318 2981 ae

74 3025 317 3104 moliminibus
363 3050 522 3128 unquam
567 3028 750 3131 exstingui
789 3036 851 3103 aut
881 3029 1055 3128 supprimi
1086 3050 1210 3129 posse,
1243 3048 1317 3101 nou

76 3154 157 3247 est,
203 3144 301 3249 quod
346 3142 457 3221 divini
501 3149 665 3250 magistri
713 3148 955 3250 promissione
1000 3145 1082 3224 ireti
1120 3148 1317 3224 ¹timeamus

73 3262 155 3365 (hit
192 3263 261 3367 lli,
297 3262 365 3342 18.
386 3260 467 3365 aa),

100 3464 134 3536 *)
158 3460 218 3522 cir.
241 3465 290 3521 Dia
312 3466 421 3523 lielorm
444 3467 494 3523 der
515 3466 677 3538 Gymnesiae
700 3468 727 3524 in
749 3468 853 3525 betrali
878 3468 928 3524 das
957 3465 1239 3543 Spraebuntarriobts‚
1262 3483 1317 3525 vau

158 3549 191 3606 0.
214 3550 314 3625 lilopp‚
339 3553 386 3610 Dr.
408 3548 476 3623 phil.
499 3553 609 3625 Leipzig
634 3554 737 3628 rata,
762 3554 906 3626 praecipue
932 3570 997 3627 pag.
1021 3554 1073 3609 46.
1098 3570 1157 3626 seq.

82 3634 139 3706 ll)
162 3635 234 3691 Vere
256 3652 289 3690 ao
310 3639 435 3708 praeiere
464 3639 519 3693 hoe
549 3647 675 3710 respectu
698 3639 736 3696 cl.
760 3641 789 3699 l).
812 3639 956 3710 Dieriugar
977 3638 1099 3714 disserit,
1134 3639 1211 3711 eujus
1237 3637 1320 3694 verba

161 3736 218 3778 nou
240 3737 363 3796 possum,
387 3722 451 3794 quin
475 3724 613 3779 adieram:

206 3806 264 3879 „lis
286 3807 323 3863 ist
344 3808 498 3879 uberhaupt
519 3808 580 3864 dem
613 3808 699 3865 durob
722 3809 787 3864 ilott
809 3815 952 3882 gesatuteu
976 3810 1065 3867 beben
1099 3806 1320 3883 aigenthtlmliob‚

161 3891 246 3946 durch
278 3891 359 3948 beina
390 3899 502 3948 iussere
524 3892 629 3949 Gewalt
660 3895 799 3968 erdruclrt
836 3894 955 3951 sonderu
979 3912 1030 3951 nur
1052 3894 1136 3950 dureb
1160 3895 1211 3949 deu
1235 3891 1320 3948 heieu

160 3975 262 4031 Willeu
285 3977 383 4033 dassen
414 3979 597 4053 aulgehoben,
629 3980 697 4036 oder
720 3980 853 4036 uielmebr
874 3980 901 4036 iu
935 3980 1026 4037 seiuer
1048 3976 1244 4036 Wirlrsanrireil
1267 3976 1321 4033 und

162 4061 322 4134 lintialtung
344 4063 482 4133 gebemmt
506 4080 539 4119 zu
561 4065 688 4137 werden,
718 4066 779 4121 dem
808 4066 936 4121 daaaelbe
968 4066 1149 4138 eingepiianut
1177 4063 1232 4134 ist3
1255 4064 1322 4119 alles

164 4146 302 4202 Gottliehe
326 4146 372 4221 ist,
389 4147 443 4204 wie
459 4148 524 4205 Gotl
546 4151 647 4222 selbst,
666 4151 862 4206 unnersthrba'r
884 4152 936 4206 und
961 4148 1195 4222 unveriuderlieb,
1207 4179 1249 4190 -
1268 4149 1322 4205 und

163 4232 274 4288 olimais
297 4233 364 4288 trilit
386 4250 417 4288 es
440 4250 484 4308 uu,
508 4235 572 4290 dass
596 4250 625 4290 es
648 4252 699 4290 uur
721 4253 765 4290 um
789 4251 822 4290 so
845 4236 1031 4291 bebarrlieher
1056 4235 1245 4291 umhlammart
1267 4235 1321 4290 und

167 4315 348 4386 iestgahaltau
370 4319 451 4391 wird,
472 4320 501 4389 je
524 4320 644 4375 brutaler
666 4320 710 4375 die
734 4320 838 4376 Gewalt
860 4321 906 4394 ist,
938 4322 1042 4376 welehe
1075 4320 1124 4375 aui
1144 4320 1221 4376 selue
1243 4320 1322 4375 hus·

164 4401 274 4473 tilgung
305 4404 425 4474 losgebt.
473 4405 514 4460 Ob
545 4406 594 4460 das
617 4407 794 4477 Evangelium
829 4406 880 4459 den
903 4406 988 4459 tuden
1012 4406 1054 4460 ein
1078 4404 1246 4477 hergernias
1268 4405 1321 4459 und

162 4487 216 4543 den
240 4489 341 4545 lleideu
374 4489 436 4544 eine
457 4490 588 4546 Thorheit
609 4508 678 4563 war,
703 4492 755 4546 und
786 4492 942 4545 soirleohten
965 4490 1089 4547 christan
1114 4490 1244 4547 Thorbeit
1267 4490 1321 4546 und

166 4570 331 4646 hergoruiss
353 4577 442 4645 uumal
463 4574 509 4651 ist,
522 4575 617 4633 darum
640 4577 712 4632 blieb
734 4576 788 4631 und
811 4575 897 4631 bieibt
916 4582 946 4632 as'
969 4574 1041 4634 douir
1063 4573 1199 4650 gdttlioba
1212 4574 1320 4639 Webe-
